3220 5260
753 477 795 542 23

226 652 426 740 „Corycium
440 677 615 738 -senem,
641 654 693 720 cui
714 679 818 744 pauca
840 658 953 722 relicti
964 659 1085 744 Iugera
1104 664 1193 724 ruris
1210 665 1320 728 erant“

223 769 396 848 perperam
411 764 580 851 explicatis
603 765 711 830 efficta
733 787 804 830 esse
826 775 961 853 apparet
986 767 1097 848 (simili
1117 769 1213 834 modo
1231 771 1321 836 illam
1397 753 1399 760 Ι

225 871 265 936 de
286 873 377 938 Pane
401 883 433 938 et
454 873 547 938 Luna
578 895 675 957 quam
705 896 802 959 supra
833 876 1085 940 commemoravi
1113 878 1257 944 fabulam
1280 878 1321 944 ad

225 979 351 1066 Georg.
376 982 529 1065 111,391
563 982 697 1048 finxisse
728 982 883 1066 videtur).
926 983 1151 1050 Vehementer
1180 986 1320 1072 denique

223 1089 336 1154 dubito
357 1113 436 1156 num
457 1090 527 1174 quis
548 1090 627 1154 Divi
650 1090 715 1158 Iuli
735 1099 873 1157 statuam
895 1114 1038 1178 unquam
1060 1091 1178 1158 viderit
1210 1095 1320 1178 ,cuius

223 1197 322 1284 capiti
343 1197 437 1262 stella
458 1197 570 1266 addita
591 1199 659 1262 est“
689 1197 723 1262 id
748 1197 834 1284 quod
855 1208 1090 1266 commentator
1111 1211 1223 1268 noster
1246 1225 1320 1268 con-

222 1305 326 1370 cludit
342 1303 388 1370 ¹ex
409 1327 507 1370 versu
529 1306 600 1373 Ecl.
624 1307 653 1390 9,
677 1306 735 1370 47:

370 1414 459 1479 Ecce
480 1395 622 1481 Dionaei
643 1415 804 1500 prooessit
828 1413 976 1482 Caesaris
1001 1425 1133 1482 astrum.

220 1523 322 1588 Hisce
346 1531 458 1586 contra
476 1544 587 1588 rerum
606 1522 777 1588 ueritatem
795 1524 939 1610 peccatis
960 1547 1042 1611 quae
1063 1525 1170 1628 or'gnnia
1188 1527 1320 1592 stultam

219 1633 438 1720 ignorantiam
460 1653 503 1697 ex
521 1633 600 1718 ipsis
620 1639 736 1720 poetae
754 1633 862 1699 verbis
882 1633 1041 1720 quidlibet
1061 1633 1123 1698 sibi
1144 1635 1318 1700 enuclean-
1391 1620 1392 1624 Ἰ

218 1751 286 1808 tem
310 1743 463 1830 produnt,
485 1741 527 1806 ad
548 1743 639 1807 illam
661 1742 871 1808 commentari
890 1752 1019 1829 partem
1042 1742 1192 1808 ducimur
1224 1767 1320 1831 quam
1373 1745 1376 1753 “

222 1851 373 1917 consulto
402 1851 572 1936 hucusque
591 1851 737 1936 neglexi,
768 1851 1006 1938 praefationem
1038 1851 1122 1916 dico.
1166 1851 1320 1918 Continet
1418 1863 1419 1866 ’

222 1983 260 2026 ea
280 1959 506 2026 brevissimam
531 1961 664 2046 Vergili
685 1960 795 2045 vitam,
820 1960 897 2026 dein
918 1960 1083 2046 triplicem
1112 1960 1153 2025 de
1178 1959 1320 2026 bucolici

221 2069 372 2134 carminis
398 2069 525 2154 origine
548 2069 779 2152 narrationem,
801 2069 843 2133 de
864 2069 1089 2140 bucolicorum
1118 2069 1262 2134 versibus
1287 2078 1319 2133 et

220 2177 352 2243 dicendi
372 2177 498 2241 ratione
520 2176 762 2254 ohservationes
775 2177 946 2262 quasdam3
968 2187 1047 2242 tunc
1062 2177 1207 2266 sequitur
1221 2199 1319 2262 expo-

220 2286 295 2352 sitio
319 2307 436 2350 causae
462 2308 520 2350 cur
541 2295 639 2372 poeta
661 2307 699 2350 ea
720 2286 888 2374 scripserit
911 2286 1100 2374 ordinisque
1125 2295 1158 2350 et
1176 2309 1319 2374 pronun-

219 2395 371 2464 ciationis
388 2420 511 2490 eorum,
532 2397 653 2462 mentio
671 2397 860 2482 allegoriae,
879 2397 989 2462 brevis
1012 2397 1153 2483 denique
1173 2395 1319 2460 omnium

217 2525 355 2592 poeseos
376 2527 538 2592 generum
560 2503 835 2573 commemoratio.
870 2503 961 2584 Quae
983 2503 1101 2586 omnia,
1124 2526 1318 2591 quamquam

219 2613 280 2679 tria
301 2613 395 2678 nobis
420 2613 655 2700 pretiosissima
671 2612 831 2678 Varronis
852 2609 985 2686 Catonis
1004 2611 1114 2676 Lucili
1134 2611 1318 2698 fragmenta

220 2722 399 2806 continent,
420 2731 456 2786 ut
475 2721 699 2807 adBerytium
718 2721 864 2788 Probum
886 2742 953 2786 non
974 2720 1100 2808 possint
1117 2721 1234 2786 referri
1254 2721 1318 2808 pri·
1344 2801 1347 2823 Ι

137 2833 141 2838 ’
218 2853 307 2896 mum
332 2852 460 2896 errores
482 2831 537 2917 qui
558 2831 669 2896 insunt
689 2831 744 2894 vel
766 2830 899 2894 maximi
922 2829 1078 2896 efficiunt.
1121 2829 1209 2912 Quid
1231 2830 1318 2914 quod
1347 2848 1349 2856 ’

220 2939 367 3027 (p.2K.)
391 2939 540 3004 Xerxem
569 2938 656 3026 apud
688 2939 914 3004 Marathonem
940 2939 1062 3002 victum
1092 2930 1208 3024 putat?
1240 2940 1319 3023 quin

219 3048 367 3134 quod-
389 3049 567 3114 Romanam
588 3070 659 3114 rem
682 3047 755 3112 dico
784 3084 822 3096 -
845 3046 889 3112 M.
904 3047 1089 3112 Antonium
1110 3047 1317 3112 triumvirum

218 3155 419 3244 provinciam
443 3157 631 3222 sortientem
653 3157 732 3224 facit
751 3157 947 3246 Aegyptum
959 3155 1004 3246 (Ρ.
1019 3155 1079 3240 hl?
1123 3157 1229 3239 Quam
1251 3156 1317 3220 ine·
1357 3157 1361 3178 ¹

218 3274 307 3354 ptam
327 3267 546 3331 narrationem
567 3267 692 3354 profert
703 3288 734 3352 p.
748 3265 781 3330 5:
808 3265 941 3350 ,Italiae
964 3287 1044 3352 ergo
1071 3249 1253 3330 civitatibus
1270 3265 1316 3328 di·

218 3395 329 3438 versas
353 3384 463 3460 partes
486 3375 695 3461 sequentihus
711 3373 951 3442 Cremonenses
978 3382 1010 3436 et
1023 3374 1190 3440 Mantuani
1211 3371 1318 3436 neutri

220 3492 295 3550 sunt
315 3483 481 3565 auxiliati;
504 3483 563 3548 sed
577 3484 640 3548 hoc
659 3483 830 3568 Augustus
848 3481 1037 3568 indignatus
1056 3481 1219 3546 veteranis
1239 3503 1317 3564 quo-

219 3615 293 3657 rum
313 3614 445 3679 operam
467 3593 501 3656 in
523 3593 611 3656 belle
635 3593 791 3658 habuerat
814 3613 911 3678 agros
933 3589 1204 3656 Cremonensium
1218 3590 1318 3655 dividi

218 3701 329 3766 iussit“
358 3721 428 3785 sqq,
450 3703 516 3785 qui,
549 3701 635 3784 quod
670 3723 730 3786 per
751 3723 785 3765 se
820 3709 1075 3765 consentaneum
1099 3709 1157 3783 est,
1182 3709 1318 3788 propter

218 3809 426 3874 inimicorum
454 3817 563 3898 partes
599 3819 766 3896 susceptas
799 3809 893 3873 bonis
922 3808 1039 3896 privati
1071 3817 1155 3872 sunt.
1201 3807 1318 3892 Regali

221 3919 387 4004 opulentia
403 3918 590 4004 Vergilium
613 3917 713 3982 fuisse
735 3917 920 3982 mirabundi
942 3917 1107 3982 audimus:
1138 3916 1245 3997 ,unde
1271 3917 1317 3980 fa·
1344 3903 1350 3921 ’

222 4035 310 4092 ctum
331 4026 379 4090 uti
400 4027 570 4113 Vergilius
595 4049 722 4114 quoquc
743 4049 840 4112 agros
861 4026 1024 4091 amitteret
1048 4049 1127 4112 quos
1147 4026 1317 4112 sexaginta
1342 4054 1346 4118 ᾗ

220 4135 367 4210 veterani
405 4135 622 4224 acciperent.“
676 4137 784 4222 Quam
822 4135 989 4200 confusam
1032 4144 1064 4198 et
1098 4130 1347 4222 perturbatam¹

220 4243 351 4329 Vergili
375 4244 523 4310 notitiam
543 4245 703 4333 interpres
725 4243 875 4310 hahuerit
897 4267 934 4308 ea
950 4267 986 4310 re
998 4245 1164 4309 luculente
1186 4243 1317 4308 demon-

222 4359 343 4418 stratur
374 4353 462 4443 quod
490 4353 641 4420 bucolica
673 4375 746 4420 eum
774 4353 944 4443 scripsisse
967 4353 1046 4421 dicit
1068 4352 1112 4442 (p.
1129 4352 1163 4438 5)
1184 4375 1259 4438 non,
1281 4361 1317 4418 ut
