3220 5260
844 493 884 560 16

316 670 428 758 inepta
449 671 607 759 quaedam
631 681 729 759 atque
753 675 851 742 etiam
870 677 1052 763 allegorica
1072 676 1301 766 interpretatio
1324 680 1416 748 cuius

315 779 352 846 in
362 779 511 846 Macrobi
525 780 751 850 Saturnahlrus
766 785 956 873 exemplum
969 785 1127 852 habemus
1146 787 1182 852 in
1203 809 1301 854 usum
1315 790 1417 860 uenit.

316 887 468 955 Eandem
490 909 586 974 quam
605 891 804 959 recentiores
816 893 865 960 illi
877 894 1038 960 rationem
1050 905 1164 962 noster
1174 896 1302 963 Probus
1316 907 1416 983 tenet,

317 995 441 1084 quippe
463 996 520 1081 qui
540 1005 670 1084 praeter
689 997 800 1066 adnot
823 1001 866 1066 ad
887 1000 958 1068 sel.
979 1002 1010 1086 3,
1031 1005 1090 1069 40:
1114 1005 1280 1088 ,quamvis
1301 1005 1413 1094 plures
1492 1043 1496 1052 ·

316 1103 439 1172 luerint
461 1105 691 1190 mathematici,
721 1108 890 1196 eleganter
918 1121 1080 1178 errantem
1104 1113 1262 1180 rusticum
1284 1113 1416 1182 induxit

316 1211 480 1280 dicentem
509 1215 592 1300 Quis
621 1215 682 1282 fuit
703 1217 812 1284 alter?
845 1219 929 1284 alter
955 1219 1041 1286 enim
1069 1219 1229 1308 accipitur
1256 1244 1340 1288 unus
1372 1245 1417 1288 ex

315 1319 461 1390 duobus“
484 1334 516 1389 et
538 1322 580 1390 ad
602 1323 674 1390 Ecl.
686 1326 716 1410 6,
727 1326 768 1390 31
791 1325 981 1414 (p.10K.):
1006 1331 1195 1416 ,proprium
1215 1330 1250 1396 in
1262 1331 1414 1419 Vergilio

315 1439 365 1496 est
383 1442 421 1498 ut
444 1433 526 1499 nihil
547 1455 703 1520 magnum
725 1457 784 1500 sua
808 1435 999 1502 auctoritate
1020 1437 1204 1522 confirmet,
1234 1439 1294 1504 aed
1320 1448 1376 1506 aut
1395 1463 1415 1504 a

303 1524 417 1609 xllusis
439 1552 610 1631 acceptum
634 1543 721 1610 dicat
748 1554 804 1610 aut
824 1544 1017 1612 admirabile
1040 1545 1144 1612 famae
1168 1546 1298 1613 tribuat.
1340 1548 1415 1614 Hoc

315 1649 448 1736 quidam
469 1651 669 1719 diffidentiae
691 1653 802 1718 dicunt
818 1654 908 1738 sqq.“
929 1676 1090 1739 nusquam
1108 1655 1143 1719 in
1155 1663 1224 1720 toto
1235 1655 1319 1720 libro
1332 1655 1413 1722 iudi-

315 1757 401 1822 cium
423 1759 640 1848 quodcunque
662 1760 703 1825 de
724 1760 855 1848 Vergili
884 1771 954 1826 arte
984 1764 1147 1850 posuerit,
1180 1763 1237 1828 sed
1268 1773 1305 1828 ut
1331 1764 1412 1850 dixi,

314 1866 391 1932 nolo
413 1867 476 1934 hoc
496 1890 657 1956 premere,
682 1869 757 1957 quia
785 1870 845 1934 hac
873 1891 1002 1956 quoque
1030 1870 1065 1936 in
1092 1893 1129 1935 re
1159 1893 1327 1958 quousque
1355 1895 1411 1940 ex·

314 1977 473 2064 carptoris
490 2000 604 2044 manus
624 1978 765 2066 grassari
777 1978 931 2067 potuerit,
947 1977 1073 2044 nullum
1084 1977 1240 2044 habemus
1255 1978 1412 2044 indicium
1439 1995 1442 2002 '

315 2095 448 2151 certum.
493 2084 635 2174 Oportet
655 2086 757 2174 igitur
779 2096 814 2150 ut
837 2109 904 2152 non
926 2086 1032 2150 solum
1052 2087 1155 2152 exeis
1177 2108 1260 2171 quae
1282 2085 1411 2152 doside·

240 2263 245 2277 ,
312 2203 428 2260 rantur
447 2195 506 2260 sed
528 2217 571 2261 ex
595 2195 675 2283 ipsis
699 2195 909 2262 commentari
931 2194 1253 2280 verbis-argumenta
1267 2217 1416 2260 eruamus

239 2366 243 2377 ,
314 2302 430 2388 quibus
452 2302 494 2366 ad
515 2305 734 2368 recentiorem
756 2304 814 2368 ille
834 2312 974 2367 aetatem
995 2301 1206 2387 detrudatur3
1242 2325 1281 2368 ea
1303 2314 1414 2370 autem

312 2410 430 2499 partim
446 2432 489 2476 ex
508 2411 583 2477 libri
604 2412 838 2500 compositione
861 2411 981 2498 partim
1002 2431 1045 2476 ex
1067 2411 1113 2477 eis
1136 2411 1253 2496 quibus
1274 2435 1293 2476 a
1313 2413 1426 2478 stulto¹

313 2527 347 2585 et
367 2519 497 2586 indocto
519 2520 649 2587 homine
676 2520 894 2606 (confidenter
914 2520 977 2585 hoe
998 2519 1083 2603 dico,
1106 2541 1302 2609 quamquam
1321 2519 1410 2585 haud

312 2629 531 2715 spernendam
558 2629 666 2696 inesse
690 2629 873 2696 doctrinam
896 2629 1060 2714 concessi)
1089 2628 1245 2716 scriptum
1275 2649 1311 2693 se
1340 2649 1412 2694 esse

313 2737 423 2825 prodit
443 2738 584 2827 petenda
606 2747 690 2804 sunt.

383 2829 454 2912 'Ad
476 2845 547 2913 Ecl.
570 2847 601 2932 3,
623 2847 665 2912 40
696 2846 778 2912 haec
797 2845 961 2910 adnotatio
985 2843 1150 2932 adscripta
1172 2854 1237 2911 est:
1275 2843 1412 2929 ,Conon

314 2951 442 3022 Samius
463 2953 720 3022 mathematicus.
754 2953 822 3022 sed
843 2951 989 3042 quamvis
1011 2953 1122 3042 plures
1145 2953 1266 3019 fuerint
1290 2953 1411 3018 methe-

311 3061 433 3146 mutiei,
455 3063 624 3151 eleganter
646 3070 808 3128 errantem
828 3061 986 3126 rusticum
1004 3061 1136 3125 induxit
1152 3061 1316 3128 dicentem
1329 3061 1411 3142 Quis

311 3168 378 3235 fuit·
394 3169 501 3236 alter?
533 3171 617 3236 alter
638 3169 725 3234 enim
748 3167 908 3256 accipitur
929 3189 1012 3231 unus
1034 3188 1077 3233 ex
1097 3165 1232 3234 duobus.
1279 3167 1319 3232 Iu
1342 3169 1411 3232 olio

312 3279 380 3343 aie:
413 3275 529 3346 Conon
548 3276 804 3360 mathematicus,
833 3275 1023 3364 Aegyptius
1050 3275 1193 3360 natione,
1221 3276 1410 3344 Ptolemaeo

312 3385 467 3453 adsiduus
488 3387 589 3452 libros
609 3385 651 3450 de
672 3385 851 3470 astrologia
870 3383 942 3450 VII
966 3384 1109 3469 reliquit.
1153 3384 1308 3450 Alterum
1337 3396 1410 3474 post

313 3493 484 3562 Cononem
505 3516 602 3582 quem
624 3493 710 3558 dicat
732 3493 894 3557 incertum
914 3502 974 3576 est,
996 3492 1055 3558 sed
1074 3493 1280 3580 suspicantur
1293 3493 1410 3559 Archi·
1477 3541 1485 3548 -

312 3602 442 3668 medem
464 3603 616 3688 quoniam
629 3599 774 3667 Cononis
792 3600 982 3688 discipulus,
1005 3598 1135 3686 quidam
1145 3600 1321 3668 Eudoxum
1333 3599 1409 3668 Oni-

313 3710 406 3776 dium
414 3710 469 3795 qui
482 3708 523 3775 de
539 3708 716 3795 astrologia
728 3706 952 3794 disputaverit,
968 3706 1099 3793 quidum
1110 3707 1250 3774 Aratum
1263 3710 1298 3774 in
1313 3731 1410 3796 quem

311 3819 393 3886 fides
416 3818 546 3884 videtur
566 3826 682 3884 nutare
707 3817 859 3905 quoniam
882 3817 1098 3904 Prognostica
1127 3819 1253 3903 fecerit,
1279 3819 1409 3907 quidam

312 3927 495 3996 Hesiodum
517 3926 606 4016 quod
628 3926 747 3992 dixerit
768 3925 829 3991 ita:
852 3923 1031 4006 Πληιάδων
1052 3925 1264 4008 Ἀτλαγενέων
1286 3927 1411 3990 ἐπιτελ-

313 4035 485 4118 λομενάων,
510 4035 597 4122 quod
620 4035 737 4102 ethic:
762 4035 926 4123 Tempora
941 4057 1023 4121 quae
1037 4055 1171 4118 messor,
1194 4055 1277 4121 quae
1292 4059 1410 4104 curvus

311 4153 418 4212 arator
441 4145 605 4214 haberet.“
649 4145 799 4234 Apparet
820 4165 864 4210 ex
882 4142 991 4209 verbis
1015 4142 1074 4226 ,In
1095 4143 1159 4208 olio
1182 4144 1249 4210 sic“
1271 4143 1409 4212 duorum

312 4255 538 4324 adnotationes
559 4255 613 4322 hic
637 4277 709 4324 esso
737 4255 986 4322 consarcinatus.
1029 4252 1069 4318 Id
1101 4254 1275 4321 adnotandi
1305 4275 1410 4340 genus

312 4388 387 4433 cum
408 4370 504 4434 nemo
528 4367 677 4453 profecto
697 4364 760 4432 erit
784 4363 839 4450 qui
863 4385 882 4429 a
902 4363 1037 4430 Valerio
1060 4362 1169 4430 Probo
1196 4362 1410 4432 exercitatum
