3220 5260
210 741 298 798 tator
331 734 438 800 hausit
473 735 642 800 obscurius
678 737 840 801 saeculum
873 738 936 804 iam
971 739 1164 825 ostendunt3
1205 741 1307 806 multo

209 842 358 928 pluribus
380 851 488 908 autom
510 843 610 927 (inter
632 867 712 930 quos
736 856 810 911 sunt
828 848 882 932 qui
894 848 1121 934 interpolatori
1135 849 1223 914 haud
1237 873 1310 937 pos-

209 961 285 1015 sunt
317 951 471 1036 adscribi)
502 951 609 1040 ipsum
640 975 693 1018 res
721 953 821 1018 Probi
852 965 957 1022 aetate
990 979 1122 1042 prorsus
1154 957 1309 1044 indignas

209 1069 396 1125 narrantem
418 1061 711 1146 deprehendemus.
755 1064 902 1129 Primum
926 1067 1018 1131 locos
1047 1089 1237 1155 componam
1267 1089 1309 1132 cx
1360 1141 1361 1144 Ἴ

210 1169 325 1254 quibus
350 1171 560 1255 cognoscitur
581 1171 614 1235 in
636 1173 840 1261 geographia
860 1175 1047 1262 imperitum
1066 1177 1207 1241 tironem
1232 1198 1310 1242 eum

209 1278 320 1344 fuisse.
366 1279 549 1366 Georgll,
572 1279 649 1344 146:
677 1280 882 1364 „Clitumnus
905 1293 954 1348 est
976 1283 1126 1349 Etruriae
1147 1285 1264 1350 fluvius
1290 1311 1308 1350 a

208 1389 298 1452 fonte
328 1389 544 1474 navigabilis“
581 1391 708 1474 (ultima
739 1413 781 1456 ex
811 1393 919 1458 Plinio
950 1396 1088 1459 fortasse
1119 1394 1218 1459 habet
1251 1394 1308 1478 qui

208 1496 292 1585 Epp.
314 1497 454 1580 VIII,8
494 1499 638 1585 paullum
669 1509 705 1562 ut
732 1508 810 1586 puto
832 1523 902 1564 rom
932 1522 1150 1587 exaggerans,
1178 1501 1218 1566 de
1241 1501 1308 1570 Cli-

206 1614 318 1671 tumnc
340 1605 436 1670 dicit:
460 1607 551 1690 „fons
574 1608 680 1672 adhuc
701 1617 734 1672 et
752 1609 815 1672 iam
830 1610 1062 1698 amplissimum
1075 1612 1197 1675 flumen
1209 1620 1307 1696 atque

206 1716 302 1780 etiam
334 1717 466 1780 navium
497 1718 670 1803 patiens“).
716 1719 761 1783 At
786 1719 970 1786 Clitumnus
999 1720 1033 1785 in
1057 1720 1193 1785 Vmbria
1221 1721 1303 1786 fluit.

210 1824 334 1911 Georg.
348 1825 392 1910 ΙΙ,
404 1825 463 1890 38:
487 1827 676 1910 „Taburnus
700 1851 791 1893 mons
816 1839 864 1894 est
888 1829 1051 1918 Appuliae
1066 1829 1210 1915 regionis
1224 1851 1312 1917 quae

205 1932 322 1997 fertilis
354 1942 402 1997 est
432 1934 552 1998 oleae.“
603 1935 758 2000 Huncin
784 1937 976 2004 Samnitium
1000 1936 1306 2026 Campanorumque

204 2040 321 2138 finibus
340 2030 600 2130 prope'Capuam
612 2043 795 2126 situmfzcsse
811 2047 995 2131 accipimus.
1019 2045 1144 2132 Georg.
1154 2046 1307 2128 111,255:

169 2133 172 2139 ,
206 2149 352 2232 „Sabelli
382 2172 464 2236 gens
481 2161 529 2214 est
545 2139 671 2234 Italiac,
693 2153 864 2218 coniuncta
877 2155 968 2238 mari,
989 2153 1044 2218 ubi
1059 2153 1199 2218 maxima
1214 2155 1308 2239 copia

205 2281 362 2346 aprorum
385 2259 464 2324 est.“
509 2261 652 2326 Vbinam
675 2262 799 2329 Sabelli
822 2285 910 2326 mare
925 2262 1155 2348 attingebant?
1179 2263 1305 2344 Quibus

208 2368 290 2432 locis
317 2367 530 2434 consideratis
554 2393 572 2432 a
596 2370 782 2456 suspicione
804 2369 861 2433 vix
881 2371 1034 2453 retineor,
1062 2379 1154 2435 extra
1178 2371 1307 2437 Italiam

207 2459 294 2542 hunc
336 2474 606 2543 commentarium
643 2501 714 2543 csse
756 2480 986 2567 conscriptum.
1044 2479 1162 2564 Neque
1199 2489 1307 2545 tamen

208 2585 374 2652 Graeciae
398 2583 609 2671 Orientisque
637 2598 741 2652 terras
773 2588 954 2653 accuratius
984 2589 1085 2672 novit,
1115 2591 1157 2652 cf.
1181 2589 1306 2676 Georg.

205 2695 273 2778 ΙΙΙ,
300 2694 358 2758 19:
394 2695 479 2780 „Eos
509 2697 671 2781 significat
704 2696 799 2761 ludos
830 2697 884 2781 qui
908 2735 951 2746 -
974 2697 1180 2762 celebrantur
1208 2733 1251 2746 -
1271 2697 1305 2762 in

206 2803 349 2868 Arcadia
380 2814 411 2868 et
443 2805 594 2870 dicuntur
613 2806 757 2872 Nemea“
790 2806 919 2890 quossi
943 2805 1098 2892 Argolidi
1125 2806 1304 2892 tribuisset,

205 2922 295 2977 recte
320 2915 469 2996 fecisset3
504 2914 601 2979 ibid:
626 2915 795 3002 „Alpheos
826 2915 913 2979 enim
939 2917 1061 2980 flumen
1085 2923 1134 2978 est
1156 2915 1303 2980 Achaiae

203 3021 295 3087 iuxta
319 3045 415 3106 quem
437 3021 506 3088 Elis
530 3023 696 3108 oppidum,
720 3032 812 3088 extra
836 3025 923 3108 quod
942 3024 1031 3090 Iovis
1053 3022 1203 3109 Olympii
1223 3033 1304 3087 tem·

204 3130 325 3216 plum.“
368 3131 537 3218 Ignoravit
569 3130 702 3196 Elidem
737 3132 892 3219 oppidum
926 3153 1033 3216 neque
1063 3133 1104 3196 ad
1136 3131 1304 3218 Alpheum

205 3239 313 3323 situm,
345 3263 453 3327 neque
486 3240 643 3326 Olympia
674 3241 719 3306 ibi
749 3241 911 3306 celebrata
935 3263 1015 3306 esse.
1059 3239 1170 3326 Atque
1197 3249 1305 3305 tamen

203 3347 237 3414 in
259 3349 320 3414 hac
342 3349 550 3414 adnotatione
564 3347 757 3414 Callimachi
781 3347 903 3412 Αἰτίων
925 3351 1047 3414 mentio
1069 3350 1175 3436 magis
1189 3371 1303 3415 recon-

206 3457 305 3522 ditam
329 3458 503 3523 ostendere
518 3457 650 3522 videtur
668 3457 863 3540 doctrinam3
886 3458 1099 3544 neglegentia
1117 3467 1305 3544 cutemque

203 3566 333 3630 Elidem
357 3563 513 3655 oppidum
544 3591 616 3632 cum
638 3568 775 3653 regione
800 3567 947 3632 eiusdem
974 3567 1115 3632 nominis
1147 3577 1179 3630 et
1200 3567 1304 3632 Arca·

205 3675 291 3740 diam
314 3699 387 3740 oum
410 3676 574 3762 Argolide
596 3677 752 3758 confudit,
775 3677 851 3740 satis
876 3676 986 3761 prodit
1010 3697 1084 3740 eum
1106 3699 1173 3740 non
1194 3675 1303 3761 ipsum

1 3823 25 3870 .‘
128 3841 130 3844 .
205 3783 442 3851 Callimachum
464 3785 647 3871 inspexisse
672 3787 764 3868 (sane
786 3787 872 3849 enim
894 3785 921 3850 si
944 3781 1016 3849 tam'
1033 3794 1175 3850 remotos
1194 3785 1302 3850 fontes

203 3892 274 3978 ipse
297 3891 428 3958 adiisset
458 3893 638 3958 accuratius
662 3893 724 3958 hoc
745 3892 890 3956 facturus
913 3891 1052 3976 fuisset),
1081 3893 1138 3958 sed
1164 3893 1304 3957 incurio-

205 3999 272 4065 sius
296 4009 449 4086 agentem
475 4023 492 4064 o
519 4000 612 4066 libris
636 4021 716 4084 quos
744 3999 784 4064 ad
813 4023 926 4065 manus
954 4000 1096 4064 habebat
1118 4000 1181 4065 hoc
1206 3999 1304 4068 Calli-

206 4108 378 4174 maoheum
403 4108 625 4193 exscripsisse.
667 4109 736 4172 Iam
759 4108 862 4192 igitur
885 4107 1035 4193 exemplo
1058 4129 1238 4190 monemur,
1262 4129 1303 4172 ne

205 4239 247 4282 ex
275 4217 356 4283 locis
384 4217 627 4286 reconditorum
656 4217 815 4284 librorum
842 4217 997 4282 adhibitis
1023 4217 1097 4303 plus
1119 4218 1203 4283 iusto
1228 4239 1302 4282 con-

205 4326 383 4394 cludamus.
427 4327 478 4394 Ne
505 4325 689 4414 Taygetum
720 4327 862 4413 quidem,
892 4336 929 4391 ut
955 4326 997 4392 ad
1025 4327 1228 4413 propositum
1251 4348 1302 4392 re·
1350 4339 1368 4484 q

204 4443 323 4519 vertar,
346 4446 489 4504 montem
512 4447 647 4502 noverat
670 4459 765 4524 quem
790 4435 973 4508 Laconicae
999 4436 1134 4504 fluvium
1162 4457 1232 4504 esse
1261 4457 1303 4504 ex
