3220 5260
215 644 221 685 l

219 688 229 831 l

747 505 897 586 Ι14

325 693 426 759 catut
441 685 674 774 mythologicis
688 687 920 776 geographicis
938 687 1162 768 astronomicis
1175 688 1320 778 physicis
1335 689 1418 758 aliis-

324 815 389 882 quo
414 795 517 864 rebus
547 794 666 863 librum
699 796 858 862 refertum
880 797 1073 880 babeamus,
1104 796 1146 864 ad
1176 799 1418 882 grammaticam

326 901 410 970 duae
423 903 741 972 tantumsententiae
763 925 886 993 eaeque
908 928 976 972 non
999 929 1097 995 supra
1121 905 1254 975 modum
1275 907 1419 974 eruditae

325 1020 475 1098 spectent
487 1011 544 1096 (ad
553 1011 626 1080 Ecl.
637 1013 669 1095 4,
682 1011 724 1078 58
740 1012 797 1078 ubi
813 1014 988 1082 uerborum
1002 1013 1180 1082 iterationis
1194 1014 1257 1080 tria
1270 1019 1420 1106 exempla

326 1120 537 1210 proferuntur
558 1141 620 1204 ,ne
643 1121 684 1188 sit
705 1120 825 1186 mirum
845 1121 899 1186 hic
922 1143 1051 1209 quoque
1072 1121 1277 1190 iterationem
1292 1147 1312 1188 a
1324 1133 1421 1212 pocta

260 1251 262 1256 ·
325 1230 584 1315 frequentatam“
607 1239 640 1294 ct
654 1228 877 1316 adGsorg.1,
892 1231 946 1296 70:
970 1229 1157 1316 „adspirant
1176 1231 1331 1298 harenam
1346 1230 1420 1320 quia

324 1337 467 1422 haereat,
490 1337 542 1404 cui
565 1335 683 1418 ἔτυμον
705 1337 893 1407 adiunctum
918 1347 967 1404 est
991 1337 1077 1423 quod
1099 1338 1196 1404 ctiam
1218 1339 1338 1424 haurit,
1357 1339 1420 1406 hoc

324 1446 429 1514 estin
451 1467 487 1512 se
513 1455 683 1535 receptum
705 1446 877 1514 humorem
905 1447 1050 1530 trahit“).
1093 1447 1270 1514 Praeterea
1290 1447 1420 1516 Graeca

323 1577 556 1642 nonnunquam
579 1554 737 1622 vocabula
759 1565 930 1624 vertuntur
951 1554 1036 1640 (Ecl.
1051 1554 1082 1640 2,
1100 1554 1161 1620 61:
1186 1553 1315 1618 πάλλειν
1335 1556 1420 1622 enim

324 1675 456 1754 quatere
485 1675 604 1732 vocant
637 1663 769 1734 Graeci.
800 1665 829 1748 7,
857 1664 914 1730 61:
943 1663 1082 1732 Alcides
1110 1663 1271 1730 Herculea
1294 1701 1337 1712 -
1358 1657 1419 1724 ἀπὸ

323 1772 379 1854 τῆς
397 1769 496 1854 diripe
517 1772 552 1838 id
585 1782 634 1838 cat
663 1771 863 1840 fortitudine.
892 1771 990 1838 ibid.:
1015 1767 1105 1854 Ἥρα
1135 1795 1232 1860 quam
1259 1773 1421 1840 Iunonem

324 1879 473 1951 dicimus.
495 1879 621 1968 Georg.
644 1881 673 1966 I,
694 1882 750 1946 11:
785 1881 936 1964 Quercus
965 1879 1095 1948 Graece
1122 1881 1305 1968 appellatur
1335 1880 1420 1968 δρῦς,

326 1983 394 2068 ἅμα
423 1988 585 2076 significat
606 1990 713 2058 simul.
739 1991 768 2074 I,
789 1989 848 2055 67:
882 1984 995 2073 ἄρκτος
1016 1991 1103 2056 enim
1126 1991 1256 2060 Graece
1276 2013 1352 2056 ursa
1375 1988 1420 2054 di-

323 2097 419 2182 citur,
441 2098 544 2164 cauda
576 2095 666 2179 cripu'.
695 2099 722 2181 I,
745 2099 803 2166 78:
836 2098 919 2181 λήθη
944 2109 994 2164 cst
1022 2098 1108 2164 enim
1141 2099 1261 2166 oblivio
1285 2099 1362 2183 etc.)
1387 2109 1420 2164 et

324 2205 403 2272 talia
423 2205 554 2294 quidem
578 2206 685 2292 qualia
696 2207 798 2276 Probi
820 2217 978 2294 tempore,
1001 2207 1151 2276 Graecae
1174 2208 1340 2276 etiamtum
1361 2209 1419 2274 lin·

324 2335 410 2398 guae
437 2313 552 2379 studiis
579 2315 784 2400 vigentibus,
812 2314 907 2401 pueri
934 2315 1000 2380 iam
1028 2314 1215 2400 Vergilium
1244 2323 1420 2384 tractantes

324 2443 391 2488 non
410 2421 475 2488 iam
497 2422 656 2490 edocendi
678 2433 770 2488 erant
784 2421 820 2508 ¹).
863 2419 932 2490 Sed
953 2432 990 2488 ut
1014 2423 1080 2490 sint
1106 2422 1162 2488 illa
1183 2425 1222 2488 ab
1243 2423 1418 2512 interpola·

324 2538 396 2596 tore
418 2540 532 2618 postea
552 2529 662 2596 addita
683 2569 722 2584 ν-
744 2531 816 2598 ficri
836 2531 979 2620 potuisse
1001 2554 1067 2600 non
1088 2541 1168 2618 puto
1190 2541 1227 2596 ut
1250 2553 1292 2598 ex
1312 2553 1419 2617 gram·

323 2637 434 2706 matici
448 2639 548 2706 Probi
569 2640 806 2708 commentariis
820 2640 873 2706 hic
887 2650 998 2707 noster
1011 2640 1065 2725 qui
1079 2639 1286 2728 philologum
1297 2640 1419 2727 ubique

235 2785 238 2796 ν
324 2745 477 2830 ostendit,
490 2747 532 2812 sit
546 2758 729 2834 excerptus.
756 2748 959 2833 Quamquam
971 2749 1034 2814 hoc
1048 2769 1177 2832 quoque
1190 2757 1418 2833 argumentum

323 2875 390 2922 non
415 2876 529 2922 omncs
549 2855 685 2920 fortasse
705 2855 965 2943 pro·certissimo
986 2855 1164 2939 habebunt,
1187 2878 1261 2920 cum
1281 2855 1327 2920 ita
1347 2855 1418 2940 quis

320 2962 426 3050 possit
458 2972 666 3049 concertare,
702 2974 928 3052 excerptorem
960 2963 1057 3030 istum
1090 2963 1201 3030 dedita
1234 2984 1334 3052 opera
1364 2984 1416 3028 res

317 3071 550 3158 grammaticas
574 3093 653 3157 quaa
676 3073 762 3160 apud
776 3070 922 3138 Probum
942 3071 1106 3136 invenerit
1118 3070 1318 3156 neglexisse,
1343 3070 1417 3137 reli·

324 3201 404 3267 quae
438 3189 565 3246 tantum
598 3179 820 3266 exscripsisse.
864 3177 931 3246 Sed
961 3178 1120 3244 succurrit
1148 3177 1228 3243 mihi
1255 3201 1308 3244 res
1340 3177 1417 3244 eatis

323 3285 488 3372 notabilis,
511 3296 761 3353 commemorata
781 3287 838 3350 illa
862 3285 994 3372 quidem
1016 3285 1079 3352 iam
1100 3311 1119 3352 a
1138 3285 1331 3374 Suringario
1353 3289 1374 3353 l.
1389 3309 1417 3352 c.

324 3393 362 3462 II
387 3392 425 3458 16
449 3393 593 3460 sednon
616 3393 693 3460 satis
716 3393 886 3484 illrretrata,
908 3393 996 3478 quod
1018 3379 1115 3481 quem
1135 3418 1236 3460 unum
1253 3394 1351 3460 Probi
1369 3395 1417 3460 lo-

327 3525 398 3568 cum
420 3501 507 3592 ipsae
529 3525 582 3568 res
604 3501 835 3591 respicientem
855 3501 949 3566 nobis
968 3512 1131 3568 servatum
1152 3524 1222 3568 esse
1242 3501 1328 3592 apud
1351 3503 1418 3570 Ma·

324 3612 413 3676 crob.
438 3610 507 3680 Sat.
529 3609 572 3695 V,
592 3611 633 3674 22
656 3633 753 3698 supra
776 3609 855 3694 dixi,
885 3608 913 3674 is
941 3609 975 3674 in
1003 3609 1065 3676 hoc
1094 3610 1327 3678 commentario
1353 3631 1419 3676 non

323 3719 430 3784 solum
460 3740 527 3786 non
561 3727 667 3784 exstat
697 3717 793 3801 (haec
822 3717 856 3782 in
886 3728 1116 3807 excerptorem
1145 3718 1288 3786 conferri
1317 3718 1419 3807 possit

323 3826 444 3915 culpa),
473 3826 533 3892 sed
556 3848 598 3894 ne
621 3825 729 3914 potuit
752 3825 895 3911 quidem,
919 3835 956 3892 ut
984 3827 1146 3912 existimo,
1175 3828 1292 3894 inesse.
1335 3826 1421 3896 Sunt

323 3954 436 4000 uersus
458 3931 591 4021 Vergili
611 3932 647 4000 in
671 3931 797 4019 Georg.
819 3933 876 3998 III
896 3932 955 3996 391
972 3955 1059 4018 sqq:

422 4062 557 4108 munere
578 4041 624 4106 sic
646 4039 742 4105 niveo
762 4039 868 4124 lanae,
888 4040 915 4106 si
938 4039 1075 4105 credere
1098 4039 1277 4126 dignumst,

422 4149 493 4216 Pan
516 4149 597 4214 deus
620 4148 783 4214 Arcadiae
806 4157 932 4235 captam
955 4158 987 4214 tc
1010 4148 1104 4215 Luna
1127 4148 1255 4232 fefellit,

423 4259 459 4324 in
481 4279 616 4324 nemora
639 4257 704 4323 alta
722 4279 859 4340 vocans3
881 4279 942 4324 nec
965 4265 1000 4322 tu
1025 4265 1198 4344 aspernata
1218 4267 1398 4326 vocantem.

325 4369 521 4380 ..-ω-..-

396 4404 422 4472 1)
444 4403 479 4457 cf.
500 4403 663 4472 Bernhardy
680 4402 759 4458 Rem.
778 4403 958 4458 Litt.·Gesch.
980 4402 1022 4456 ed.
1039 4405 1129 4470 quart.
1143 4421 1170 4472 p
1182 4401 1225 4456 81.
1242 4398 1278 4455 ci.
1286 4417 1315 4469 p.
1323 4399 1367 4456 87.
