3220 5260
827 539 867 603 22

259 736 265 746 “
300 727 432 814 Vergili
453 726 563 792 verbis
584 725 782 790 concludere
804 723 934 789 videtur
956 721 1082 809 Georg.
1107 723 1151 806 Π,
1172 723 1253 788 487:
1281 719 1398 810 „Sper-

301 837 393 902 chios
423 845 472 902 est
494 836 683 902 Thessaliae
713 836 845 920 flumen,
877 835 1027 919 Taygeta
1049 833 1228 898 Laconicas
1260 831 1317 897 ubi
1345 853 1399 896 ve·

300 954 418 1012 uantur
438 945 583 1030 virgines
600 943 812 1010 Laconicae.“
856 943 941 1008 Mira
970 941 1109 1026 quadam
1135 941 1328 1006 credulitate
1358 939 1400 1004 de

301 1054 425 1120 Eurota
445 1054 575 1140 scripsit
595 1053 637 1118 ad
659 1053 731 1119 Eol.
744 1053 773 1136 6,
788 1051 848 1118 82:
874 1053 1016 1136 „Fontes
1038 1051 1107 1138 agit
1128 1073 1170 1115 cx
1190 1059 1301 1114 monte
1312 1049 1400 1116 Mae-

302 1165 388 1247 nalo,
411 1162 624 1229 confunditur
644 1161 777 1248 Alpheo
797 1183 974 1248 rursusque
997 1159 1166 1226 discedit.“
1202 1159 1402 1246 Carpathum

304 1294 387 1358 quae
410 1281 460 1337 est
482 1272 587 1336 insula
610 1271 697 1336 inter
719 1270 851 1337 Cretam
864 1275 907 1333 'et
930 1268 1083 1335 Rhodum
1105 1269 1166 1333 sita
1191 1270 1322 1353 „Peneo
1347 1271 1401 1334 ob-

302 1380 440 1446 iectam“
463 1379 626 1446 existimat
650 1377 774 1462 Georg.
799 1378 861 1462 IV,
886 1377 957 1442 387.
1001 1377 1057 1441 Ad
1080 1375 1123 1444 Cr.
1144 1377 1171 1461 Ι,
1190 1376 1250 1442 102
1273 1377 1401 1443 scribit:

305 1489 433 1576 „Mysia
457 1497 506 1554 est
528 1488 615 1554 natio
629 1488 801 1552 coniuncta
813 1485 968 1570 barbaris,
988 1485 1182 1573 contingens
1197 1486 1403 1552 Adriaticum

306 1597 432 1664 sinum“
456 1595 586 1662 nescius
609 1595 761 1680 Illyrium
783 1616 854 1670 esse
876 1593 1111 1682 interpositam.
1156 1593 1209 1658 De
1231 1593 1327 1659 India
1347 1595 1402 1658 de-

304 1707 403 1790 nique
426 1705 540 1771 scribit
563 1704 687 1790 Georg.
710 1705 737 1788 Ι,
758 1704 816 1768 27:
843 1702 1018 1790 „Cingitur
1037 1703 1123 1768 enim
1141 1703 1288 1770 Caucaso
1309 1703 1404 1768 Indis

306 1824 338 1880 et
359 1814 493 1878 flumine
521 1822 553 1877 et
582 1812 723 1877 oceano“
756 1811 903 1876 tenuiore
931 1812 1079 1896 profecto
1112 1811 1256 1878 Orientis
1288 1812 1404 1876 notitia

305 1908 401 2012 quam
421 1921 600 1991 Domitiani
623 1921 820 2008 Traianique
850 1928 999 2007 tempora
1024 1921 1214 1988 habuerant.
1260 1921 1405 1990 Gravius

306 2033 405 2098 etiam
437 2029 627 2120 posterioris
663 2031 968 2096 commentariorum
1000 2029 1135 2115 originis
1175 2040 1404 2129 argumentum

308 2145 344 2211 in
368 2145 414 2209 eis
444 2144 629 2209 continetur
662 2164 744 2230 quae
776 2151 889 2222 contra
917 2141 1086 2207 historiam
1108 2151 1257 2230 peccant.
1300 2143 1352 2208 Ita
1371 2142 1406 2206 in

308 2253 517 2319 adnotatione
539 2252 581 2316 ad
605 2251 730 2338 Ceorg.
752 2251 815 2335 ΙΠ,
838 2252 854 2314 1
877 2251 958 2315 haec
979 2251 1152 2336 leguntur:
1178 2251 1405 2338 „Amphrysos

308 2364 431 2430 flumen
461 2371 510 2426 est
538 2360 726 2426 Thessaliae
759 2359 847 2425 cuius
876 2359 1048 2446 regionem
1081 2358 1241 2446 quandam
1271 2359 1408 2426 Molossi

308 2471 457 2536 incolunt
490 2491 628 2554 qnorum
658 2490 719 2534 rex
746 2467 808 2534 fuit
828 2466 991 2533 Admetus
1019 2467 1171 2534 Pheretis
1194 2467 1291 2551 filius,
1317 2468 1406 2533 cuius

308 2597 431 2667 pecore
452 2587 484 2644 et
506 2587 653 2644 armenta
672 2577 761 2665 pavit
779 2577 902 2664 Apollo
926 2577 1016 2662 sqq.“
1048 2577 1166 2646 Nonne
1189 2577 1264 2642 luce
1288 2579 1406 2642 elarius

309 2699 377 2773 est,
408 2688 591 2754 fabulosum
621 2687 714 2752 illum
742 2685 923 2752 Admetum
952 2685 1140 2752 Thessaliae
1168 2707 1283 2772 regem
1314 2686 1406 2751 cuius

308 2819 427 2884 pecora
447 2796 538 2884 pavit
556 2795 680 2881 Apollo
709 2795 791 2860 miro
816 2795 913 2859 modo
945 2795 1114 2859 confusum
1141 2815 1212 2859 esse
1241 2817 1313 2859 cum
1338 2795 1407 2860 Ad·
1466 2883 1469 2887 .

307 2917 395 2971 meto
423 2905 651 2986 Molossorum,
681 2903 868 2990 Epiroticae
900 2903 1020 2990 gentis,
1048 2924 1140 2989 rege,
1175 2903 1406 2969 Themistoclis

194 3057 197 3063 ·
309 3018 414 3083 exulis
435 3016 604 3103 hospite?
618 3014 674 3078 Ad
695 3015 875 3080 Romanam
897 3013 1065 3080 historiam
1090 3009 1282 3081 accedamus
1311 3037 1408 3102 quam

312 3127 337 3190 si
361 3126 432 3209 quis
453 3124 551 3211 primi
572 3146 605 3210 p.
622 3123 699 3190 Chr.
721 3123 841 3188 saeculi
865 3123 1097 3209 grammaticus
1119 3123 1313 3209 ignorasset,
1337 3124 1408 3190 iure

309 3241 396 3298 esset
420 3233 585 3319 explosus.
629 3231 754 3296 Tamen
774 3231 816 3295 ad
839 3229 964 3318 Georg.
988 3231 1051 3317 IV,
1069 3231 1129 3320 125Ι
1152 3231 1313 3319 adscripta
1334 3241 1409 3298 sunt

308 3342 411 3406 haec:
435 3338 630 3426 „Pompeius
647 3363 721 3404 cum
737 3348 942 3426 oppugnaret
956 3339 1087 3427 piratas,
1100 3339 1278 3426 remigibus
1296 3363 1409 3406 eorum

309 3448 460 3536 promisit
482 3453 578 3535 agros
603 3449 630 3513 si
650 3447 783 3514 vicisset
803 3470 916 3513 eorum
939 3447 1116 3531 adiutori03
1142 3471 1278 3534 quorum
1301 3449 1409 3537 prodi·

307 3557 399 3623 tione
420 3559 527 3623 victor
551 3557 804 3623 Tarentinorum
827 3579 924 3642 agros
945 3556 1109 3622 veteranis
1133 3553 1243 3623 divisit
1267 3567 1299 3622 et
1322 3557 1409 3645 quic-

309 3667 387 3751 quid
421 3665 633 3730 deterrimum
666 3665 728 3730 fuit
761 3665 940 3750 remigibus
973 3664 1094 3731 deditf‘
1139 3667 1232 3748 Quae
1264 3667 1407 3731 narratio

312 3798 387 3840 cum
411 3800 429 3839 a
451 3775 589 3840 veritate
619 3773 755 3839 nimium
790 3783 945 3859 quantum
971 3774 1143 3840 abhorreat
1173 3777 1292 3860 (neque
1322 3775 1409 3839 enim

307 3884 484 3970 Pompeius
502 3885 679 3973 piratarum
691 3883 871 3976 remigibus
892 3892 929 3948 ut
952 3906 1089 3971 quorum
1110 3882 1270 3949 adiutorio
1293 3884 1410 3950 vicerit

311 4014 418 4080 neque
442 4015 519 4058 vero
544 3993 707 4058 veteranis
731 3993 808 4077 suis,
838 3993 897 4057 sed
925 3993 1005 4080 ipsis
1027 3993 1141 4081 piratis
1167 4013 1266 4080 egros
1288 3993 1408 4077 divisit,

309 4103 351 4169 cf.
374 4101 464 4168 Suet.
489 4125 540 4189 ap.
565 4099 659 4168 Serv.
683 4111 716 4167 et
745 4125 797 4190 ap.
819 4103 920 4168 schol.
943 4103 1043 4170 Bern.
1066 4103 1097 4170 h.
1119 4103 1140 4168 l.
1163 4103 1235 4168 Liv.
1258 4098 1406 4189 perioch.

309 4214 332 4276 l.
352 4211 477 4278 XCIX.
520 4210 585 4278 Dio
611 4209 700 4278 Cass.
721 4212 772 4296 36,
795 4212 847 4277 35.
868 4203 1012 4300 Appian.
1035 4211 1146 4279 Mithr.
1169 4213 1235 4296 96),
1257 4209 1408 4298 equidem

309 4344 384 4386 sane
408 4320 518 4386 nescio
543 4321 683 4408 quidde
706 4321 844 4386 Valerio
868 4323 978 4388 Probo
1000 4320 1251 4386 existimandum
1275 4331 1361 4387 esset
1381 4320 1407 4385 si

308 4430 388 4494 tales
420 4451 524 4515 nugas
558 4429 750 4494 effinxisset.
806 4429 924 4496 Omnia
953 4431 1039 4494 enim
1072 4453 1113 4494 ex
1137 4429 1268 4516 Vergili
1298 4429 1407 4496 verbis
