3220 5260
858 477 899 542 10

332 660 468 730 Mallote
489 682 521 748 p.
545 661 588 747 t).
632 657 820 751 Scriptores
843 683 920 730 eum
943 663 1085 732 edidisse
1106 661 1292 749 Vergilium
1312 673 1346 730 et
1367 665 1428 732 Te·

332 767 475 834 rentium
495 789 538 834 ex
557 766 676 836 Servio
700 770 875 836 etDonato
897 769 1033 852 scimus3
1053 767 1241 856 Vergilium
1253 769 1428 839 Horatium

330 877 522 944 Lucretium
533 877 728 944 anecdotum
744 887 983 947 commemorat.
1018 877 1168 946 Persium
1190 878 1230 942 ab
1252 898 1291 944 eo
1304 878 1425 944 edium

331 1007 405 1054 esse
427 1007 536 1074 neque
558 985 721 1054 contendo
741 1007 849 1073 neque
870 1008 993 1074 negare
1014 985 1130 1069 audeo,
1154 1011 1227 1054 curn
1248 995 1339 1054 certa
1359 1011 1431 1054 uonw

331 1103 462 1162 exstent
483 1103 677 1181 argumenta
698 1095 814 1181 quibus
836 1095 904 1160 vita
924 1096 1019 1162 Persi
1041 1116 1124 1182 quae
1152 1095 1187 1162 in
1218 1095 1310 1164 libris
1343 1115 1425 1165 sace.

329 1201 382 1269 XI
405 1201 467 1285 ,de
490 1203 721 1270 commentario
747 1205 849 1270 Probi
868 1203 982 1270 Valeri
1001 1203 1146 1270 sublata“
1177 1203 1298 1270 dicitur
1319 1203 1350 1270 ei
1371 1205 1424 1272 ab*

328 1320 481 1397 rogetur;
512 1333 654 1400 namque
681 1333 749 1378 non
776 1312 903 1400 priseos
929 1321 1056 1378 tantum
1078 1333 1153 1378 eum
1181 1321 1340 1380 tractasse
1360 1312 1425 1380 iam

328 1419 485 1502 vidimus3
516 1419 600 1486 vitas
627 1429 736 1488 autern
765 1421 961 1510 scriptorum
996 1422 1146 1488 omnibus
1184 1422 1425 1488 commentariis

329 1527 390 1594 etsi
412 1527 447 1594 in
468 1529 547 1618 ipsis
568 1551 621 1596 res
645 1530 842 1598 enarrandas
866 1533 936 1598 fere
956 1530 1118 1616 neglexit,
1137 1551 1205 1596 non
1217 1540 1336 1596 esteur
1350 1553 1427 1602 eum

328 1637 555 1723 praeposuisse
577 1643 747 1725 negamus,
770 1660 878 1724 neque
900 1638 1076 1726 quidquam
1096 1638 1132 1704 in
1154 1637 1216 1704 bac
1236 1637 1304 1704 vita
1322 1639 1424 1706 eonti-

328 1753 425 1812 netur
450 1747 538 1834 quod
561 1748 601 1812 ab
622 1747 686 1812 alio
706 1756 804 1832 atque
822 1747 990 1834 scriptoris
1012 1747 1139 1833 aequali
1154 1747 1339 1835 profectum
1352 1768 1425 1814 esse

328 1855 441 1944 possit.
472 1855 573 1922 Hisce
595 1855 805 1944 scriptoribus
827 1879 907 1944 quos
931 1855 1035 1922 edidit
1045 1877 1166 1942 agmen
1179 1856 1423 1924 nondumeom·

328 1965 453 2052 pletum
474 1985 547 2032 asse
569 1965 666 2032 facile
689 1965 900 2054 suspicamur,
931 1987 1007 2032 eum
1032 1965 1130 2032 fuerit
1154 1965 1424 2052 diligentissimus

328 2081 361 2138 et
382 2074 590 2158 antiquorum
611 2073 666 2160 qui
688 2083 766 2140 tuno
788 2073 884 2143 foede
907 2073 1052 2160 neglecti
1079 2073 1303 2162 editoremque
1333 2073 1426 2160 qnasi

327 2181 413 2248 ultro
434 2191 650 2270 provocantes
671 2181 824 2250 iacebant
844 2181 1098 2264 amantissimum
1130 2191 1221 2246 certa
1241 2191 1350 2248 autem
1368 2204 1427 2248 no-

327 2290 415 2356 mina
436 2291 528 2356 nulla
553 2291 617 2357 iam
643 2300 719 2358 nota
741 2301 825 2358 sunt.
845 2327 889 2340 --
911 2291 1067 2356 Aetatem
1092 2291 1204 2376 Probi,
1233 2313 1330 2377 quam
1358 2291 1427 2360 Rit-

327 2399 473 2466 schelius
499 2400 535 2466 in
561 2400 716 2486 Parergis
739 2401 758 2468 1
780 2423 813 2488 p.
835 2399 896 2466 628
928 2409 961 2465 et
989 2400 1122 2468 Iahnius
1150 2400 1229 2466 ibid.
1251 2401 1287 2468 in
1316 2401 1426 2468 adnot.

327 2530 360 2596 p.
370 2509 432 2576 618
454 2511 494 2576 ab
505 2510 712 2596 Hieronymo
726 2519 850 2576 temere
870 2535 907 2576 ac
930 2510 1020 2578 nulla
1031 2509 1155 2578 ratione
1165 2509 1308 2578 Neronis
1318 2517 1425 2576 aetate

327 2619 427 2684 fixam
452 2641 523 2686 esse
544 2629 759 2707 agnoverunt,
780 2618 960 2687 Domitiani
981 2619 1112 2684 saeculo
1131 2617 1336 2685 cauendam
1356 2639 1425 2684 eer-

327 2727 451 2794 tissimo
485 2726 643 2795 Martialis
675 2727 862 2794 testimonio
894 2726 1061 2804 docemur,
1105 2724 1161 2810 qui
1194 2725 1272 2810 (111,
1304 2724 1336 2808 2,
1370 2723 1423 2804 12)

327 2835 477 2902 libellum
497 2857 592 2902 suum
615 2857 713 2921 quem
732 2835 835 2900 amico
858 2833 988 2902 cuidam
1007 2833 1139 2900 dedicat
1158 2832 1205 2900 sie
1220 2831 1424 2918 adloquitur:

328 2943 411 3028 „Illo
441 2943 573 3011 vindice
603 2966 664 3010 nee
689 2943 834 3010 Probum
864 2941 998 3011 timeto“
1031 2963 1075 3008 ex
1105 2961 1169 3026 quo
1196 2939 1425 3027 intellegimus

328 3063 361 3120 ot
381 3053 527 3120 Probum
550 3063 628 3120 tune
660 3053 810 3122 floruisse
839 3062 872 3120 et
900 3061 1014 3140 poetas
1042 3050 1073 3116 ei
1099 3051 1250 3134 aequales
1278 3049 1426 3118 timuisse

327 3182 404 3228 acre
430 3183 495 3246 quo
524 3165 676 3230 utebatur
709 3161 876 3234 iudicium.
918 3158 996 3228 Non
1027 3179 1149 3248 paucos
1182 3157 1279 3224 etiam
1310 3167 1426 3248 postea

327 3291 429 3336 anuos
453 3291 528 3338 eum
553 3271 676 3338 vixisse
699 3291 743 3340 es
767 3285 806 3338 eo
828 3269 1000 3358 probabile
1025 3267 1154 3336 videtur
1184 3266 1272 3352 quod
1294 3266 1424 3336 Gelbes

328 3380 384 3466 qui
405 3381 533 3448 circiter
555 3407 583 3448 a.
607 3381 669 3448 150
686 3405 719 3470 p.
742 3380 831 3450 (ihr.v
852 3381 993 3468 scripsit,
1020 3380 1090 3468 ipse
1119 3403 1176 3451 eos
1204 3389 1339 3446 noverat
1368 3379 1425 3464 qui

327 3490 429 3558 Probi
460 3490 556 3556 amici
588 3492 728 3558 fuerant.
777 3491 926 3560 Mortuus
963 3499 1033 3556 erat
1066 3513 1140 3556 oum
1172 3487 1350 3556 Suetonius
1382 3487 1423 3553 dc

327 3595 547 3682 grammaticis
579 3595 729 3663 libellum
761 3595 953 3681 composuit,
985 3595 1075 3682 quod
1104 3594 1212 3684 ipsum
1242 3618 1306 3682 quo
1338 3617 1422 3662 anno

327 3703 451 3770 iactum
473 3705 516 3772 sit
534 3703 706 3773 nescimus.

753 3919 1012 3927 ——n—-o-—n—

411 4137 484 4206 Iam
504 4133 638 4202 taudem
659 4143 832 4224 postquam
852 4134 965 4200 Valeri
992 4135 1093 4204 Probi
1119 4135 1296 4222 imaginem
1314 4131 1421 4219 ‘quau-

331 4247 406 4314 dam
428 4251 585 4329 quantiam
606 4243 698 4331 potui
718 4263 761 4316 eu
785 4253 933 4314 veterum
953 4242 1143 4310 testimoniis
1167 4242 1346 4329 depingere
1370 4265 1420 4307 co·

329 4362 426 4443 mus
447 4369 530 4436 erm,
551 4373 633 4440 opus
652 4351 830 4438 adgrediar
846 4352 933 4438 quod
945 4351 1024 4418 mibi
1039 4349 1195 4440 proposui
1208 4359 1245 4416 ut
1267 4350 1322 4436 qui
1337 4372 1421 4418 unus
