3252 5258
892 538 912 602 6

350 733 538 792 monstrem.
580 723 755 811 Proprium
775 723 823 790 illi
845 731 895 790 est
917 745 1054 810 magnos
1079 723 1314 790 sententiarum
1334 743 1446 788 nume-

351 855 406 898 ros
429 833 464 898 in
485 855 586 898 unum
613 853 815 916 coacervare,
839 854 902 916 quo
925 855 993 898 non
1013 831 1139 920 periodi
1162 853 1263 897 unum
1286 829 1377 916 quasi
1399 852 1447 894 ca-

351 950 410 1030 put
422 941 579 1010 habentes
596 940 743 1027 illudque
760 941 849 1006 omni
862 949 1005 1028 exparte
1022 941 1235 1027 explanantes
1252 938 1448 1021 efficiuntur,

354 1048 412 1115 sed
443 1048 693 1114 tenui'vinoulo
724 1071 847 1114 conexa
878 1049 1050 1130 enuntiata,
1079 1070 1215 1133 quorum
1245 1045 1449 1132 unumquod-

354 1176 417 1242 qnc
451 1156 492 1220 ad
520 1155 669 1244 proxime
700 1155 902 1242 praecedens
933 1164 1057 1221 tantum
1085 1164 1221 1244 spectat.
1265 1154 1367 1222 Cuius
1401 1153 1450 1219 rei

354 1287 429 1330 cum
447 1262 569 1348 ubique
590 1262 677 1348 apud
696 1261 791 1328 illum
811 1261 963 1349 exempla
984 1283 1019 1326 se
1039 1261 1188 1346 offerant,
1211 1285 1312 1326 unum
1325 1269 1450 1325 tantum

356 1371 443 1459 quod
464 1377 576 1434 nostro
597 1369 670 1432 loco
693 1368 878 1454 proximum
906 1377 956 1434 est
982 1390 1147 1456 apponere
1176 1369 1268 1452 libet,
1296 1392 1368 1456 cap.
1391 1369 1451 1434 232

356 1477 544 1560 „Luxuriae
566 1477 613 1541 ita
634 1477 770 1542 indulsit
792 1487 828 1542 ut
848 1475 976 1563 saepius
999 1476 1108 1542 indie
1130 1477 1256 1542 lavaret
1280 1498 1342 1542 nec
1364 1477 1451 1542 suffi-

356 1593 447 1650 ceret
468 1585 661 1672 sumptibus,
682 1604 876 1671 quamquam
898 1603 942 1648 ex
962 1583 1072 1648 schola
1101 1582 1325 1670 quadringena
1346 1607 1453 1650 annua

357 1701 497 1782 caperet,
523 1716 561 1758 ac
592 1713 661 1758 non
683 1692 785 1756 multo
807 1691 913 1756 minus
935 1713 978 1756 ex
1004 1713 1041 1758 re
1072 1691 1232 1774 familiari,
1262 1691 1352 1758 cuius
1384 1689 1453 1756 dili-

356 1801 567 1888 gentissimus
591 1810 670 1883 erat,
702 1819 786 1864 oum·
806 1808 839 1864 et
866 1799 1013 1866 officinas
1041 1801 1293 1886 promercalium
1314 1801 1453 1866 vestium

358 1917 528 1974 exerceret
557 1917 589 1972 et
620 1929 716 1995 agros
749 1908 831 1972 adeo
859 1909 991 1990 coleret,
1015 1917 1052 1987 ut
1074 1907 1174 1974 vitem
1196 1931 1293 1974 manu
1314 1909 1384 1974 cius
1405 1908 1453 1974 in-

358 2017 452 2084 sitam
474 2009 551 2082 satis
572 2025 698 2082 constet
713 2015 864 2084 CCCLX
885 2039 963 2082 uvas
988 2017 1156 2083 edidisse.“
1192 2015 1288 2082 Hanc
1308 2039 1457 2084 normam

358 2125 385 2192 si
406 2125 586 2210 sequimur,
610 2134 722 2191 noster
741 2125 833 2191 locus
855 2125 900 2191 ita
920 2135 970 2190 est
992 2125 1222 2213 explicandust
1255 2123 1296 2190 In
1316 2123 1456 2210 antiquis

359 2233 495 2314 mansit3
518 2235 620 2298 multa
642 2255 753 2298 corum
774 2232 973 2321 exemplaria
990 2232 1130 2316 curavit3
1154 2232 1286 2298 omnino
1307 2233 1388 2298 nulli
1409 2231 1458 2298 rei

361 2342 425 2407 nisi
446 2342 687 2430 exemplaribus
708 2329 904 2430 scriptorum
927 2341 1078 2407 curandis
1093 2341 1237 2406 intentus
1255 2351 1334 2408 erat.
1367 2341 1458 2406 Haec

364 2449 541 2518 Suetonius
563 2470 631 2512 non
652 2447 784 2534 quidem
807 2447 945 2536 pulchre
966 2445 1025 2512 sed
1046 2446 1088 2510 ad
1110 2469 1204 2512 suum
1224 2446 1387 2514 scribendi
1402 2469 1459 2535 ge·
1551 2531 1556 2538 ⁸

361 2578 423 2622 nus
447 2537 656 2622 accomodate
679 2554 851 2644 expressit,
875 2563 907 2620 et
928 2576 1002 2618 cum
1022 2553 1093 2642 ipsa
1104 2554 1241 2620 veritate
1261 2553 1343 2620 baec
1363 2576 1459 2639 quam

361 2663 503 2730 maxima
524 2672 719 2750 congruunt.

444 2771 514 2836 Iam
537 2793 612 2835 cum
632 2769 826 2847 Suetonium
846 2769 1010 2834 sincerum
1032 2789 1103 2836 esse
1124 2776 1290 2836 auctorem
1310 2768 1345 2834 in
1356 2767 1458 2836 Probi

361 2879 458 2944 rebus
480 2877 661 2964 narrandis,
686 2901 765 2966 quas
782 2879 822 2944 ab
836 2876 924 2943 illius
937 2875 1087 2942 familiari
1100 2885 1174 2942 eum
1188 2877 1353 2964 accepisse
1368 2885 1459 2966 puto,

363 2985 514 3052 contendi
538 2985 651 3074 possit,
673 2985 755 3050 haec
778 2986 847 3050 eius
869 2983 977 3072 imago
1000 3005 1043 3050 ex
1063 2984 1179 3050 ceteris
1197 2995 1349 3052 veterum
1369 2984 1459 3052 testi·

364 3097 480 3162 moniis
505 3096 687 3184 supplenda
716 3105 775 3164 est.
817 3097 912 3163 Inter
936 3115 1016 3178 quos
1038 3093 1179 3181 primum
1201 3093 1309 3158 locum
1332 3093 1461 3161 Gellius

365 3206 500 3289 obtinet,
531 3206 586 3290 qui
614 3205 685 3294 ipse
715 3226 788 3270 cum
812 3201 923 3270 amicis
950 3210 984 3266 et
1011 3201 1226 3268 sectatoribus
1248 3199 1349 3270 Probi
1371 3203 1463 3296 uelut
1507 3213 1510 3220 ’

366 3336 439 3379 cum
462 3313 615 3378 Anniano
637 3309 918 3378 Fescenninorum
941 3305 1120 3372 carminum
1141 3306 1300 3394 scriptore
1329 3307 1461 3375 familia·

365 3422 461 3488 ritate
491 3421 685 3487 coniunctus
713 3419 833 3508 partim
859 3439 877 3484 e
899 3417 1028 3506 scriptis
1057 3415 1176 3504 partim
1200 3437 1218 3480 e
1238 3415 1462 3504 privatiseius

366 3531 571 3598 sermonibus
592 3549 674 3614 quae
697 3536 878 3592 memoratu
902 3525 1002 3612 digna
1024 3523 1150 3612 putavit
1170 3525 1320 3590 noctibus
1341 3524 1462 3592 Atticis

364 3638 511 3704 inseruit.
553 3637 603 3702 Ea
622 3636 731 3701 virum
752 3635 885 3702 doctum
905 3633 999 3700 nobis
1020 3630 1198 3698 ostendunt
1218 3631 1350 3698 minutis
1363 3633 1463 3699 rebus

367 3744 587 3834 grammaticis
608 3743 642 3810 iu
663 3743 800 3808 vetustis
822 3741 962 3808 maxime
991 3740 1201 3829 scriptoribus
1227 3739 1462 3828 investigandis

368 3852 517 3919 deditum
539 3851 595 3937 (N.
618 3851 661 3916 A.
684 3852 713 3935 1,
739 3851 788 3918 15.
809 3851 871 3935 VI,
893 3851 921 3918 7.
946 3852 974 3918 9.
994 3851 1056 3935 IV,
1081 3850 1126 3934 l),
1158 3859 1329 3938 praeterea
1355 3861 1463 3917 antem

366 3961 555 4047 Vergilium
574 3967 767 4025 tractantem
788 3958 903 4043 (XIII,
924 3958 980 4044 21)
1009 3967 1041 4023 et
1070 3955 1111 4022 cle
1133 3956 1263 4044 poetica
1285 3957 1462 4046 pulchritu-

369 4068 445 4134 dine
465 4068 629 4134 subtiliter
651 4066 878 4154 disputantem,
900 4066 1086 4154 Vergilium
1108 4064 1298 4131 etiamnum
1316 4065 1462 4132 Homero

370 4175 447 4242 satis
474 4176 579 4242 libere
611 4183 850 4264 comparantem
880 4182 913 4240 et
941 4172 1016 4239 huic
1038 4182 1290 4262 postponentem
1313 4171 1390 4257 (IX,
1412 4172 1462 4254 9);

370 4287 416 4352 ita
436 4293 472 4350 ut
495 4293 527 4348 et
540 4283 717 4350 verborum
728 4281 963 4364 tractationem,
984 4281 1181 4368 prosodiam,
1200 4279 1465 4348 emendationem

371 4404 403 4460 et
425 4393 466 4458 de
492 4392 620 4482 poetica
639 4391 837 4478 praestantia
856 4389 1013 4456 iudicium
1026 4389 1057 4456 ei
1072 4411 1169 4456 curae
1182 4389 1284 4456 luisse
1297 4409 1341 4456 ex
1353 4386 1463 4456 Gellio
