3220 5260
216 1587 514 1656 Grammaticorum
539 1587 593 1674 qui
620 1586 747 1652 duobus
770 1588 840 1652 lere
864 1585 978 1673 primis
1000 1587 1233 1674 imperatorum

130 1698 353 1765 Romanorum
375 1695 515 1762 saeculis
536 1695 719 1762 floruerunt
742 1715 843 1784 opera
864 1694 1026 1780 omnibus,
1048 1696 1102 1784 qui
1125 1707 1233 1784 poste-

129 1802 272 1870 rioribus
294 1805 497 1892 temporibus
523 1801 639 1870 studiis
660 1804 906 1888 incumbebant,
928 1825 988 1890 pro
1012 1805 1103 1870 fonte
1131 1805 1233 1872 fuisse

131 1932 174 1978 ex
188 1935 252 2004 quo
266 1935 340 1980 suos
355 1911 523 1980 doctrinae
539 1913 663 1979 rivulos
681 1912 883 1978 deducerent
897 1911 1022 1977 nemini
1036 1935 1104 1982 non
1119 1925 1233 1981 notum

131 2033 189 2090 est.
231 2023 324 2090 uim
353 2001 441 2088 enm
470 2021 549 2088 boni
579 2024 705 2088 fruetus
736 2021 793 2086 vel
818 2020 863 2086 in·
884 2021 971 2108 ipsis·
994 2021 1093 2086 rebus
1122 2023 1178 2090 vel
1198 2024 1233 2088 in

128 2131 291 2198 mactandi
312 2131 439 2197 ratione
461 2131 515 2196 isti
539 2131 690 2196 homines
713 2129 947 2217 grammaticae
969 2129 1163 2216 disciplinae
1187 2139 1233 2196 ot·

134 2241 251 2325 tulere,
281 2239 339 2305 sed
363 2261 446 2328 quae
469 2239 509 2304 ab
532 2239 770 2328 antiquioribus
793 2237 978 2327 conscripta
998 2239 1180 2325 invenere*
1194 2260 1233 2305 ea

134 2349 305 2437 proprium
324 2347 512 2437 inquirendi
533 2348 680 2414 laborem
700 2347 876 2435 fugientes,
899 2367 1078 2435 excerpere
1100 2358 1134 2413 et
1146 2369 1233 2413 oom-

132 2458 238 2546 pilare
261 2457 408 2523 contenti
429 2467 531 2523 erant.
566 2451 790 2540 Quamobrem
803 2455 985 2524 studiorum
999 2457 1106 2544 qualia
1121 2456 1232 2543 priore

19 2549 24 2614 '-
131 2566 190 2630 illa
217 2574 322 2630 aetate
349 2565 509 2652 vigebant
535 2575 684 2652 exactam
709 2565 816 2632 animo
839 2566 1017 2653 imaginem
1041 2565 1228 2652 imprimere

131 2695 251 2762 operae
280 2663 422 2740 marimo
453 2673 596 2762 pretium
620 2684 680 2759 est,
712 2684 892 2762 quactum
919 2674 1051 2740 demum
1075 2681 1231 2761 quantum

131 2779 202 2846 fieri
221 2791 499 2870 potestaccurata
520 2783 594 2868 erit,
616 2783 644 2847 si
667 2803 751 2868 quse
764 2782 859 2849 'forte
875 2782 967 2848 nullo
981 2781 1053 2847 iure
1066 2781 1132 2846 illis
1148 2789 1231 2845 tem-

130 2889 265 2978 poribus
284 2890 385 2956 tribui
408 2891 525 2974 solent,
547 2910 585 2955 ea
605 2915 625 2956 a
645 2889 777 2977 fastigio
802 2892 838 2955 in
863 2890 949 2978 quod
978 2891 1062 2956 elata
1083 2899 1158 2956 sunt
1180 2909 1230 2956 re·

131 2979 366 3062 vocaverimus.
409 2997 451 3064 Id
479 2991 577 3082 quod,
603 3007 640 3062 ut
667 2997 895 3084 disputationis
923 2998 1095 3064 consilium
1124 2998 1235 3086 primo

132 3107 241 3171 statim
274 3105 387 3170 limine
419 3105 573 3192 aperiam,
605 3106 641 3171 in
672 3106 912 3171 commentariis
938 3105 1142 3192 Vergilianis
1176 3105 1231 3194 qui

131 3214 177 3281 M.
195 3212 332 3279 Valerio
353 3213 463 3279 Probo
485 3212 726 3297 adscribuntur,
752 3213 940 3280 faciendum
961 3233 1032 3280 esse
1053 3199 1181 3282 censeo.

214 3324 267 3391 De
290 3323 335 3389 M.
358 3323 494 3389 Valerio
515 3325 625 3390 Probo
648 3324 730 3390 baec
751 3325 909 3412 leguritur
928 3324 1016 3411 apud
1037 3323 1231 3393 Suetonium

134 3431 175 3497 de
199 3419 421 3520 grammaticis
444 3454 473 3496 c.
495 3431 553 3498 24:

215 3539 446 3622 „M.Valerius
459 3539 599 3623 Probus,
618 3537 786 3626 Berytius‚
808 3539 865 3604 diu
886 3539 1105 3605 centuriatum
1124 3538 1231 3626 petiit,

132 3646 238 3713 donec
259 3647 369 3713 taedio
392 3647 432 3712 ad
455 3647 561 3713 studio
585 3670 620 3714 se
644 3647 792 3714 contulit.
835 3647 981 3734 Legerat
1003 3648 1038 3713 in
1058 3646 1231 3735 provincia

132 3753 290 3844 quosdam
311 3763 440 3821 veteres
463 3755 593 3820 libellos
614 3755 702 3841 apud
724 3756 992 3842 grammatistam,
1017 3755 1155 3821 durante
1175 3756 1231 3821 ad·

130 3861 195 3926 huc
218 3861 263 3929 rbi
286 3864 493 3953 antiquorum
509 3864 676 3949 memoria,
700 3863 843 3930 necdum
863 3865 995 3930 omnino
1011 3864 1132 3930 abolita
1146 3863 1232 3930 sicut

130 3968 264 4038 Romae.
307 3969 378 4038 Hos
408 3995 483 4037 cum
513 3970 706 4058 diligentius
727 3981 894 4058 repeteret
914 3981 1012 4060 atque
1037 3972 1118 4038 alios
1141 3973 1231 4062 dein-

131 4099 211 4166 ceps
224 4100 425 4166 cognoscere
448 4089 593 4167 cuperet,
617 4079 764 4168 quamvis
790 4063 902 4147 omnes
925 4081 1091 4148 contemni
1112 4083 1231 4171 magis·

106 4179 195 4274 ¹que
229 4187 405 4276 obprobrio
437 4189 625 4276 legentibus
659 4209 755 4274 quam
785 4189 913 4276 gloriae
945 4199 979 4255 et
1011 4190 1130 4256 fructui
1160 4211 1231 4256 esse

130 4295 415 4380 animadverteret,
439 4296 543 4362 nihilo
566 4295 675 4362 minus
700 4295 735 4361 in
755 4297 924 4385 proposito
947 4297 1081 4382 mansit3
1116 4297 1231 4364 multa·

131 4425 195 4492 que
216 4405 417 4495 exemplaria
438 4414 607 4471 contracta
628 4403 805 4470 emendare
830 4427 868 4471 ac
889 4405 1094 4492 distinguere
1118 4415 1152 4471 et
1174 4405 1231 4472 ad·

1014 4517 1029 4570 1
