3220 5260
736 533 778 604 25

209 719 321 788 missas
343 729 565 810 perscrutatus
586 732 636 788 est
669 721 779 808 (Reiff.
795 719 933 789 Sueten.
947 745 978 810 p.
990 721 1080 806 423),
1110 724 1196 788 iuter
1227 745 1306 809 quas

208 850 275 894 non
299 830 422 894 minimi
451 853 525 896 eum
559 831 643 920 preti
679 831 812 898 duxisse
841 832 868 898 si
902 853 984 916 quae
1016 839 1108 896 erant
1130 855 1148 896 a
1169 833 1304 898 Valerio

209 937 317 1004 Probo
343 922 549 1026 conscriptae
572 950 604 1006 et
629 963 689 1028 per
712 961 746 1006 se
769 939 926 1006 credibile
948 948 998 1005 est
1020 949 1052 1004 et
1075 940 1306 1006 Reifferschei-

210 1046 282 1112 dius
301 1047 323 1113 l.
337 1071 364 1114 c.
376 1069 408 1135 p.
422 1048 495 1133 395,
518 1049 558 1114 de
583 1050 676 1116 Persi
695 1049 762 1114 vita
784 1070 897 1135 agens,
921 1048 1098 1116 contendit.
1142 1051 1259 1136 ltaque
1280 1051 1308 1116 si
1344 1111 1348 1147 Ι

208 1155 293 1219 vitae
314 1165 426 1221 nostro
449 1157 679 1223 commentario
703 1156 921 1245 praescriptae
943 1157 1010 1241 (vel
1028 1157 1135 1246 potius
1154 1157 1242 1223 illius
1267 1179 1309 1224 ex
1343 1161 1347 1200 ¹

210 1283 273 1346 qua
293 1262 354 1328 ista
385 1275 540 1353 excerpta
559 1266 622 1350 est)
651 1266 775 1330 nullam
803 1289 937 1354 prorsus
965 1266 1126 1331 rationem
1157 1267 1308 1332 habuisse

209 1367 401 1438 Suetonium
429 1370 643 1437 demonstrari
675 1371 805 1460 poterit,
829 1370 938 1436 Probo
966 1392 1039 1436 earn
1059 1372 1308 1439 abiudicandam

209 1499 281 1544 esse
304 1471 375 1564 quis
404 1501 470 1544 non
490 1481 673 1545 concedet?
715 1481 848 1546 Patrem
870 1479 1001 1566 Vergili
1020 1481 1202 1546 secuudum
1226 1481 1309 1549 Sue-

209 1588 336 1652 tonium
363 1587 517 1675 „quidam
539 1590 691 1676 opificem
714 1591 864 1675 figulum,
892 1590 1004 1676 plures
1024 1590 1115 1675 Magi
1144 1590 1310 1657 cuiusdam

209 1694 346 1761 viatoris
370 1699 462 1764 initio
484 1698 745 1764 mercennarium
769 1721 847 1763 mex
869 1699 910 1763 ob
934 1697 1127 1764 industriam
1149 1719 1310 1784 generum

211 1803 448 1871 tradiderunt.“
486 1809 627 1876 Diversa
644 1807 746 1895 igitur
768 1807 887 1872 tradita
907 1807 1033 1872 invenit
1056 1816 1153 1892 atque
1173 1808 1209 1873 in
1229 1831 1309 1874 neu-

212 1924 296 1980 tram
324 1923 453 2002 partem
480 1917 651 2001 inclinans,
683 1937 764 2000 quae
795 1915 965 1980 invenerat
995 1916 1196 2003 conscripsit.
1242 1919 1310 1988 Sed

211 2034 324 2090 noster
347 2023 598 2089 commentarius
623 2031 735 2109 „patre
756 2021 897 2087 rustico“
920 2031 1032 2086 natum
1056 2023 1149 2107 dicit3
1173 2027 1308 2112 quodsi

211 2130 369 2200 Suetonio
383 2139 585 2218 compertum
596 2131 721 2216 fuisset,
741 2153 807 2196 non
828 2131 988 2197 tacuisset.
1019 2131 1190 2215 „Possedit
1206 2157 1311 2224 prope

213 2241 336 2306 centies
358 2240 542 2306 sestertium
568 2263 610 2305 ex
631 2240 877 2306 liberalitatibus
906 2241 1103 2306 amicorum“
1135 2245 1309 2312 secundam

213 2349 351 2418 Suetoni
371 2350 482 2432 vitam,
512 2349 604 2413 cuius
625 2347 729 2412 lamae
752 2348 843 2433 quasi
866 2369 926 2436 per
947 2348 1100 2414 nebulam
1121 2349 1311 2416 reeordatus

213 2458 341 2524 Probus
363 2466 555 2544 personatus
580 2457 655 2538 „Ab
675 2455 849 2543 Augusto“
872 2456 978 2541 inquit
1000 2477 1123 2541 „usque
1142 2456 1183 2521 ad
1196 2467 1336 2546 sester-⁵

213 2563 294 2628 tium
315 2565 437 2630 centies
460 2565 648 2630 honestatus
672 2567 752 2630 est.“
787 2565 964 2630 Praeterea
988 2565 1173 2650 complures
1198 2587 1311 2632 eorum

213 2691 293 2756 quos
315 2693 412 2758 supra
434 2670 503 2736 dixi
525 2693 671 2737 errorum
693 2669 891 2756 respiciendi
913 2681 998 2754 sunt,
1019 2682 1055 2736 ιιι
1077 2695 1213 2758 quorum
1236 2674 1311 2740 loeo

213 2775 390 2846 Suetonius
419 2802 514 2845 veras
542 2801 596 2844 res
619 2785 740 2846 narret.
763 2779 952 2862 —Quibus
980 2781 1080 2846 rebus
1103 2783 1251 2847 omnibus
1274 2783 1312 2848 fit

212 2897 251 2972 ut
273 2889 382 2954 Probo
405 2889 543 2973 Berytio
565 2889 646 2952 haee
666 2889 734 2952 vita
756 2888 886 2952 omnino
909 2888 1124 2955 abiudieanda
1141 2890 1182 2955 sit
1205 2901 1237 2956 et
1254 2913 1311 2979 po·

213 2995 357 3064 sterioris
381 2997 453 3062 aevi
481 2997 604 3062 homini
633 2996 807 3062 tribuenda
841 2997 895 3081 qui
927 3018 969 3064 ex
1000 2998 1158 3064 memoria
1188 3008 1312 3066 tantum

212 3128 347 3170 narrans
362 3115 394 3170 et
412 3105 502 3194 quasi
525 3105 703 3170 dormitans
717 3127 798 3169 vera
817 3106 963 3191 falsaque
978 3107 1077 3171 stulte
1098 3108 1311 3174 commiscuit.

213 3213 332 3278 Melius
352 3213 483 3278 videtur
507 3214 612 3279 fontes
634 3236 710 3278 suos
726 3213 907 3300 inspexisse
930 3214 964 3276 in
986 3213 1207 3301 disputatione
1230 3236 1312 3300 quae

213 3333 263 3388 est
281 3322 322 3388 de
342 3323 484 3390 bucolici
507 3323 657 3388 carminis
681 3323 819 3408 origine,
846 3345 953 3410 neque
973 3332 1084 3388 tamen
1106 3345 1180 3387 cum
1200 3321 1242 3388 de
1265 3323 1311 3386 eis

213 3454 291 3516 quas
316 3430 385 3496 dixi
405 3431 509 3498 causis
527 3430 608 3496 haee
624 3430 782 3518 praefatio
796 3431 905 3496 Probo
927 3430 968 3494 sit
984 3430 1208 3512 abiudicanda,
1230 3432 1312 3496 haec

213 3541 389 3629 disputatio
412 3563 494 3625 quae
517 3541 648 3627 quidem
672 3539 864 3605 eruditionis
888 3539 977 3604 haud
998 3549 1047 3604 est
1067 3561 1197 3627 expers,
1231 3539 1313 3604 iudi-

213 3649 298 3714 cium
320 3659 466 3714 nostrum
487 3659 612 3714 mutare
636 3649 767 3735 poterit.
790 3649 994 3715 Posteriores
1010 3648 1097 3713 enim
1110 3647 1313 3734 grammatici

213 3779 286 3824 cum
304 3758 352 3824 nil
365 3761 435 3823 fere
454 3759 600 3823 facerent
617 3757 680 3822 nisi
702 3767 737 3822 ut
760 3757 957 3845 antiquiores
982 3766 1210 3845 excerperent,
1231 3779 1311 3821 non-

210 3891 375 3956 nunquam
390 3870 513 3934 factum
528 3875 577 3932 est
593 3877 629 3932 ut
651 3867 809 3953 optimum
828 3867 970 3954 quidque
990 3890 1058 3932 non
1077 3865 1179 3953 (quod
1201 3875 1312 3932 tamen

108 3999 111 4006 ·
212 3979 405 4064 plerumque
429 3980 538 4043 facere
561 3974 723 4060 solebant)
750 3975 936 4040 omitterent
958 3974 1016 4040 sed
1035 3974 1226 4040 retinerent.
1247 3974 1312 4041 Ne·

212 4108 275 4170 que
296 4107 359 4171 ego
378 4086 490 4152 dubito
514 4086 592 4171 quin
614 4086 649 4150 in
671 4084 768 4172 primi
790 4084 911 4150 saeculi
935 4083 1175 4148 commentariis
1197 4082 1312 4148 eadem

191 4196 284 4280 ¹fere
307 4194 349 4259 de
372 4217 411 4260 ea
432 4217 468 4259 re
492 4194 614 4282 scripta
636 4193 760 4260 fuerint
791 4214 874 4280 quae
906 4192 961 4256 hic
987 4213 1115 4278 quoque
1147 4192 1311 4277 leguntur.

113 4258 139 4386 s
211 4301 407 4369 Admodum
422 4303 509 4370 enim
527 4302 643 4368 similia
661 4302 696 4368 in
708 4301 875 4368 Theocriti
894 4301 1091 4366 scholiorum
1108 4299 1311 4389 praefatione

215 4409 385 4498 habemus,
406 4413 450 4479 ita
471 4422 510 4480 ιιι
527 4413 609 4480 haec
630 4421 814 4480 commenta
836 4435 856 4477 a
878 4408 1017 4484 Graecis
1037 4409 1101 4476 iam
1133 4406 1175 4474 ad
1198 4407 1314 4478 Roma
