3220 5260
679 510 699 576 3

141 715 214 762 esse
233 694 436 784 perantioum
459 703 493 760 et
511 694 586 782 ipso·
603 691 780 758 adnotandi
794 691 954 758 vocabulo
970 689 1190 776 significatum
1202 688 1241 774 ¹),

142 803 232 890 quod
250 803 363 870 eadem
385 802 419 880 vi
440 802 558 868 iterum
582 801 617 868 16
635 802 699 868 hoa
726 800 887 868 aneodoto
908 822 941 888 p.
963 799 1024 864 140
1043 796 1239 864 Reiffersoh.

140 911 273 999 legitur.
316 911 426 994 Quare
446 911 668 978 Mommsenus
691 905 723 975 et
749 910 840 976 hisee
861 909 943 975 locis
967 931 985 974 o
1006 907 1127 992 ‘quibus
1150 906 1239 972 huno
1269 951 1270 954 κ

142 1022 317 1087 verborum
340 1018 496 1086 adnotare
518 1028 551 1084 et
572 1018 738 1086 adnotatio
759 1041 855 1084 usum
877 1015 1102 1104 cognovimus,
1136 1025 1169 1080 et
1194 1011 1240 1079 eis

144 1149 227 1214 quae
249 1127 291 1192 de
311 1126 397 1194 notis
417 1127 539 1194 criticis
561 1149 581 1190 a
603 1126 714 1192 Probo
735 1125 888 1192 adhibitis
910 1133 942 1190 et
964 1124 999 1189 in
1020 1122 1181 1188 anecdota
1207 1131 1240 1186 et

145 1235 232 1326 apud
253 1234 406 1306 Servium
426 1234 468 1300 61
490 1233 682 1317 Asn.1,21.
704 1234 748 1318 Χ,
762 1233 826 1300 444
846 1233 941 1300 nobis
964 1232 1145 1313 traduntur,
1168 1249 1241 1316 per·

144 1354 251 1414 motus
273 1345 308 1410 in
328 1343 547 1432 disputatione
567 1341 702 1426 „Uebcr
715 1341 760 1408 M.
771 1341 925 1408 Valerius
939 1341 1067 1408 Probus
1091 1339 1132 1404 de
1155 1336 1241 1403 notis

145 1450 305 1539 antiquis“
329 1471 410 1536 quae
434 1449 559 1516 inserta
579 1459 629 1514 eat
650 1449 684 1514 in
706 1449 879 1534 „Berichte
893 1448 924 1514 d.
938 1449 1042 1516 siclis.
1056 1445 1241 1516 Gesollscb.
1314 1441 1316 1446 ’

147 1560 179 1625 1.
201 1556 303 1626 Wiss.
329 1558 409 1625 1853
428 1581 463 1646 p.
485 1559 525 1624 91
545 1561 635 1644 sqq.“
658 1557 752 1644 apud
765 1555 961 1623 Suetonium
983 1557 1122 1642 quoque‘
1141 1555 1242 1620 adno-

146 1667 237 1734 tandi
256 1667 340 1732 illud
360 1667 505 1734 officium
527 1665 579 1732 cui
590 1666 718 1734 Probus
741 1665 871 1732 deditus
893 1675 961 1730 erat
983 1665 1098 1730 eadem
1118 1663 1242 1728 ratione

146 1775 297 1864 intellegi
317 1775 431 1860 voluit,
452 1796 648 1864 omnemque
668 1774 739 1842 eius
752 1793 896 1860 operam,
919 1797 994 1840 cum
1015 1769 1240 1854 „emendando

146 1906 185 1948 ac
206 1883 439 1972 distinguendo
459 1892 492 1950 et
513 1883 720 1952 adnotando“
744 1892 919 1966 constaret,
948 1883 984 1948 iu
1013 1881 1135 1947 criticis
1162 1878 1241 1944 scri—

147 1999 278 2080 ptorum
299 1991 495 2060 editionibus
517 1991 670 2079 parandis
684 1992 824 2080 positam
839 2013 911 2058 6666
927 1990 1055 2058 censuit
1068 1990 1106 2071 ²).
1128 1987 1241 2074 Atque

149 2121 237 2184 sane,
261 2099 288 2166 61
304 2100 351 2166 ita
371 2100 586 2190 explicandus
608 2109 695 2166 esset
706 2097 893 2185 Suetonius,
916 2097 1137 2166 confitendum
1158 2098 1246 2162 foret

151 2229 224 2274 cum
247 2209 289 2274 de
311 2209 423 2276 Probo
453 2209 560 2274 minus
591 2217 742 2276 accurate
771 2209 932 2277 rettulisse.
975 2209 1130 2276 Plurimis
1158 2207 1246 2270 enim

151 2330 194 2373 ex
216 2308 307 2394 locis,
331 2308 506 2396 dequibus
527 2309 611 2374 infra
632 2333 738 2396 agam,
761 2319 886 2376 constat
913 2331 981 2376 666
1005 2311 1090 2378 uotis
1120 2321 1244 2382 tantum

49 2496 55 2508 ¹
150 2416 271 2484 criticis
293 2417 352 2482 sed
381 2417 478 2484 ctiam
499 2418 758 2486 adnotationibus
790 2418 918 2504 (quales
939 2441 998 2485 666
1021 2419 1120 2490 hodie
1140 2423 1245 2511 philo-

53 2558 56 2564 ·
149 2525 230 2612 logi,
253 2534 286 2590 et
306 2534 396 2591 recte
419 2523 561 2613 quidem,
581 2527 748 2614 appellare
764 2527 920 2610 solemus)
944 2527 1089 2611 Probum
1109 2531 1246 2619 scripto·

149 2655 203 2698 ros
227 2655 308 2722 quos
330 2635 481 2700 tractavit
501 2635 703 2700 instruxisse.
736 2633 805 2703 Sed
821 2635 1093 2722 patrocinandum
1105 2647 1155 2702 est
1167 2640 1244 2706 fidei

149 2765 188 2806 ac
209 2741 400 2830 diligentiae
421 2743 568 2814 Suetoni.
611 2741 688 2810 Non
710 2742 797 2808 enim
818 2743 875 2810 illa
900 2766 995 2828 quam
1016 2741 1085 2811 dixi
1105 2747 1175 2814 sola
1196 2757 1246 2813 est

150 2850 200 2916 vis
221 2851 398 2918 adnotandi
420 2852 508 2942 apud
520 2862 649 2918 veteres
662 2851 905 2938 gemmeticos,
927 2853 986 2917 sed
1002 2853 1103 2919 multo
1118 2855 1246 2944 saepius

151 2957 268 3024 eodem
290 2959 387 3026 modo
408 2959 574 3025 iuvenitur
596 2983 660 3048 quo
683 2980 742 3024 nos
763 2959 863 3025 hodie
887 2961 1078 3046 coutimur,
1098 2972 1247 3030 utenar·

151 3045 245 3134 bandi
266 3077 300 3132 et
323 3067 565 3146 commentandi
588 3089 720 3156 operam
749 3067 923 3154 significet.
966 3068 1098 3158 Inspice
1129 3093 1249 3159 quaeso

152 3183 550 3262 commentatorum'quos
579 3176 737 3241 habemus
757 3176 1025 3263 antiquissimum,
1056 3178 1249 3266 Ascanium,

153 3283 208 3370 qui
236 3283 272 3348 in
301 3305 416 3350 comm.
441 3283 483 3348 ad
507 3283 639 3351 Cornel.
661 3307 693 3371 p.
718 3285 758 3349 74
782 3284 887 3352 Orell.
919 3286 967 3353 sic
995 3286 1123 3352 scribit:
1157 3287 1251 3372 „Hoc

153 3392 258 3457 solum
277 3391 331 3456 hic
348 3391 570 3457 adnotandum
589 3400 647 3476 est,
668 3393 756 3457 hunc
777 3413 848 3458 6666
867 3393 907 3460 L.
924 3391 1097 3462 Sisennam
1119 3397 1174 3481 qui
1195 3417 1249 3461 res

153 3497 314 3566 Romanas
347 3491 509 3588 scripsit.“
568 3501 725 3567 Proxima
759 3501 952 3590 antiquitate
989 3523 1061 3570 6666
1099 3503 1252 3570 videntur

154 3608 279 3674 scholia
300 3608 517 3694 Veronensis,
538 3609 595 3674 ubi
617 3609 693 3674 vide
715 3609 756 3674 ad
777 3609 864 3677 Aen.
875 3610 936 3696 IX,
957 3611 1037 3676 369:
1064 3611 1157 3696 „Hoc
1177 3613 1252 3678 loco

156 3717 312 3784 adnotant
332 3717 460 3784 Probus
489 3725 522 3782 et
542 3716 709 3806 Sulpicius
738 3719 939 3784 contrarium
964 3719 1013 3786 illi
1042 3741 1114 3786 esse
1142 3719 1254 3809 Sepsit
1367 3810 1371 3814 ⁵

155 3857 359 3868 ”annua—*—

229 3927 258 3998 1)
270 3921 307 3982 16
325 3927 488 3998 quotidiana
505 3944 614 3998 quoque
632 3928 691 3984 vita
708 3945 753 3983 eas
772 3927 913 3984 adhibitas
929 3945 998 3998 esse,
1021 3928 1200 4000 cognoscitur
1219 3943 1254 3982 ax

158 4019 332 4090 llic.epp.ad
351 4019 569 4089 Att.vn1,e‚4:
590 4020 691 4074 »Idex
709 4021 824 4091 Pompei
841 4021 945 4076 litteris
963 4039 1123 4092 cognosces,
1147 4022 1177 4077 in
1195 4023 1254 4110 qui·
1305 4019 1308 4028 '

156 4115 210 4170 bus
235 4114 449 4170 animadvertito
473 4117 551 4171 illum
574 4117 667 4173 locum
689 4117 739 4172 ubi
764 4117 947 4186 enitimini«
985 4119 1077 4176 Minus
1106 4125 1184 4176 certo
1201 4119 1255 4174 huc

157 4209 319 4264 referuntur
336 4209 432 4265 Senec.
445 4211 518 4282 Epp.
527 4214 552 4280 6,
562 4213 588 4267 4.
606 4211 678 4266 Plin·
688 4211 795 4282 Epp.7,
806 4214 847 4268 17.
866 4216 892 4282 9,
903 4216 946 4268 26.

231 4308 259 4376 2)
277 4305 385 4362 Eodem
403 4303 486 4358 modo
505 4302 699 4374 Bernhardyus
716 4307 746 4361 in
767 4306 841 4377 Allg.
857 4301 1255 4378 Ι11Ζ13.1840.11.8711611;

160 4401 297 4458 adnotare
314 4401 383 4472 geht
402 4398 487 4455 allein
504 4399 554 4455 auf
568 4401 703 4457 kritiscbe
720 4401 966 4472 Nachwciaungen.
