3220 5260
725 555 763 620 l'l

195 738 255 802 sub
279 737 349 804 eius
371 738 502 806 nomine
525 739 774 805 commentarius
798 739 896 804 bodie
917 759 1046 824 quoque
1067 737 1296 802 circumfertur

195 865 261 930 quo
292 845 365 914 iure
395 849 425 913 ei
459 849 654 916 attribuatur
682 858 878 938 perscruter.
921 849 975 918 De
1005 867 1106 913 earo
1132 854 1169 910 ut
1200 841 1293 909 multi

193 954 257 1019 ism
282 955 343 1020 viri
366 957 453 1022 docti
476 958 671 1022 sententiam
695 957 852 1042 tulerunt,
873 957 917 1022 ita
935 979 954 1022 a
975 955 1141 1046 plerisque
1163 973 1223 1043 per
1240 975 1293 1019 oc-

196 1063 360 1130 casionem
383 1074 508 1130 tantum
529 1065 674 1131 breviter
694 1074 727 1130 et
749 1066 887 1131 strictim
907 1065 970 1131 hoc
992 1065 1113 1130 factum
1136 1072 1194 1129 est.
1223 1061 1294 1129 Pri-

198 1193 269 1238 mus
283 1173 506 1261 supposititios
518 1195 589 1240 esse
600 1173 644 1239 H.
653 1173 840 1262 Stephanus
852 1173 1023 1258 iudicarit3
1046 1173 1134 1238 idem
1142 1169 1294 1240 Fabricio

196 1279 318 1368 placuit
340 1281 540 1370 Heynioque
571 1282 625 1367 qui
647 1305 750 1370 pauca
772 1291 896 1348 tantum
918 1283 952 1348 in
974 1283 1037 1348 hoc
1060 1282 1293 1348 commentario

195 1387 304 1453 Probo
328 1387 430 1475 digna
452 1409 523 1455 esse
547 1391 681 1456 censuit.
726 1389 850 1458 Contra
870 1390 1085 1458 Ruhnkenius
1106 1389 1211 1455 libelli
1239 1411 1293 1455 au·

196 1503 322 1560 ctorem
346 1497 614 1582 „grammaticum
635 1497 707 1584 ipso
720 1497 836 1567 Servio
859 1498 1060 1564 doctiorem“
1084 1507 1116 1564 et
1138 1497 1293 1584 antiquis·

199 1603 315 1668 simum
353 1613 455 1693 putat.
509 1605 621 1691 Heyni
655 1607 848 1672 sententiam
878 1605 1090 1694 Suringarius
1123 1607 1294 1695 amplexus

196 1720 255 1778 est.
299 1711 453 1780 Osannus
476 1713 593 1793 (Beitr.
616 1739 643 1781 a.
664 1715 884 1782 Lite-Geron.
907 1715 944 1782 Π
966 1715 1126 1800 2728911.)
1150 1735 1225 1779 oum
1246 1700 1300 1779 nil

197 1817 279 1884 certi
294 1819 491 1887 constituere
505 1821 595 1904 velit,
619 1832 730 1887 tamen
745 1824 992 1889 fundamentum
1007 1823 1170 1912 quoddam
1185 1821 1294 1909 operis

196 1925 238 1994 ad
252 1927 424 2015 Berytium
445 1930 563 1996 referri
586 1953 683 2020 posse
704 1941 808 2020 putat,
831 1931 918 2020 quod
942 1931 1090 2018 plurimis
1112 1940 1225 2020 postea
1246 1933 1294 1996 in·

197 2035 468 2124 terpolationibus
489 2040 531 2104 sit
552 2041 769 2126 superfusum.
812 2040 1000 2128 Vergilium
1021 2065 1040 2105 a
1058 2040 1169 2106 Probo
1190 2041 1295 2130 expli-

200 2153 309 2210 catum
322 2165 394 2211 esse
408 2145 539 2212 omnino
554 2147 688 2233 negavit
700 2145 894 2236 Sohopenus
916 2147 972 2233 (de
983 2147 1115 2214 Terent.
1129 2155 1162 2212 et
1173 2149 1295 2215 Donat.

200 2275 233 2340 p.
252 2251 319 2332 31).
362 2252 491 2318 Primus
513 2262 622 2318 autem
642 2277 710 2320 non
732 2254 851 2319 leviter
864 2263 896 2318 et
915 2253 1005 2342 quasi
1022 2253 1215 2339 intransitu,
1238 2256 1296 2322 sed

204 2361 407 2448 argumentis
435 2361 563 2427 curiose
593 2363 783 2428 examinatis
807 2363 890 2428 hanc
912 2363 1135 2448 quaestionem
1158 2362 1199 2431 Ο.
1220 2365 1297 2432 Iah-

198 2468 272 2534 nius
299 2468 334 2532 in
364 2469 523 2555 Prolcgg.
557 2468 599 2533 ad
629 2469 720 2535 Pers.
753 2494 785 2558 p.
815 2469 924 2537 OXLI
944 2491 1014 2558 sqq.
1047 2471 1208 2557 occurit,
1240 2472 1295 2559 qui

200 2575 323 2642 duabus
342 2577 383 2642 de
404 2577 510 2643 causis
530 2577 631 2664 ipsius
642 2577 757 2642 Valeri
769 2579 870 2644 Probi
885 2579 1162 2664 commentarium,
1185 2597 1295 2668 quam-

198 2705 294 2770 quam
315 2707 381 2750 non
404 2685 548 2770 genuina
568 2685 682 2771 forma,
706 2687 764 2752 sed
788 2698 979 2776 excerptum
992 2689 1177 2777 passimque
1197 2688 1298 2755 inter*

198 2794 342 2882 polatum
374 2815 433 2860 nos
463 2794 633 2883 possidere
663 2805 791 2880 censet,
826 2795 967 2882 primum
997 2797 1072 2882 quia
1100 2797 1295 2886 scriptorum

198 2901 254 2990 qui
276 2901 369 2968 multi
390 2901 436 2967 ibi
458 2904 678 2992 proferuntur,
701 2905 783 2970 nulli
804 2905 891 2993 quod
912 2905 1049 2971 sciamus
1069 2905 1170 2972 Probi
1189 2915 1295 2971 aetate

197 3011 398 3077 recentiores
420 3011 493 3096 sint,
517 3011 637 3078 deinde
660 3013 736 3098 quia
754 3013 790 3080 in
811 3014 909 3081 rebus
931 3013 1111 3079 tractandis
1133 3014 1296 3100 scriptori·

197 3121 323 3208 busque
355 3119 530 3186 afferendis
559 3130 648 3186 tanta
680 3122 723 3187 sit
758 3123 905 3188 doctrina
935 3121 1089 3205 adhibita,
1119 3131 1156 3187 ut
1183 3121 1247 3188 nisi
1276 3145 1295 3187 a

197 3228 409 3316 grammatico
432 3228 608 3294 admodum
629 3231 762 3318 antiquo
783 3254 851 3296 non
871 3231 974 3319 possit
996 3251 1068 3298 esse
1089 3229 1294 3318 compositus.

196 3335 290 3402 Idem
312 3336 382 3415 lere
403 3336 568 3423 Bergkius
598 3338 696 3402 sentit
727 3337 822 3422 (diar.
844 3337 944 3424 antiq.
964 3339 1026 3403 litt.
1052 3337 1134 3404 1845
1154 3360 1186 3425 p.
1209 3337 1295 3424 127),

196 3445 231 3511 in
253 3467 316 3534 quo
338 3445 401 3510 hoc
424 3465 525 3509 unum
546 3445 647 3510 miror
668 3445 756 3536 quod
778 3467 851 3510 curn
876 3446 947 3534 ipse
970 3446 1062 3512 brevi
1089 3455 1214 3512 tantum
1231 3446 1294 3512 ad-

198 3553 363 3623 notatione
386 3552 530 3618 Probum
552 3575 647 3619 usum
670 3573 742 3618 esse
764 3553 940 3620 contendat
962 3553 998 3639 (1.
1020 3577 1049 3620 c.
1070 3575 1102 3642 p.
1124 3553 1295 3645 122130),

196 3681 264 3726 non
285 3671 395 3726 tamen
415 3660 541 3726 dubitat
562 3661 660 3726 etiam
682 3661 890 3746 longissimas
911 3660 1125 3726 commentari
1150 3661 1294 3750 explica·

196 3767 303 3835 tiones
331 3767 440 3834 eidem
469 3767 668 3839 adscribere.
712 3769 884 3835 Postremo
907 3767 1198 3836 Reifferscheidius
1228 3767 1293 3854 (ed.

197 3874 333 3942 Sueton.
356 3899 389 3964 p.
410 3874 486 3962 398)
509 3875 625 3943 Iahnio
648 3875 863 3963 adstipulatus
885 3885 944 3942 est.

280 3982 563 4069 Argumentorum
585 3983 701 4068 quibus
722 3983 757 4048 hi
779 3981 842 4048 viri
864 3983 952 4049 docti
975 3983 1125 4049 nituntur
1145 3983 1294 4068 alterum,

196 4113 335 4178 magnac
358 4090 548 4157 eruditionis
570 4091 755 4158 testimonia
784 4114 846 4180 per
867 4091 955 4157 hunc
978 4087 1095 4158 librum
1125 4113 1198 4158 esse
1230 4091 1293 4158 dis·
1329 4104 1348 4183 ¹(

196 4219 303 4286 persa,
328 4198 438 4265 statim
464 4200 567 4264 multa
588 4221 630 4266 ex
652 4209 745 4288 parte
766 4200 1014 4266 concedendum
1035 4210 1085 4266 est
1114 4202 1187 4285 (aed
1208 4199 1296 4265 infra
1343 4196 1346 4266 ἑ

197 4329 237 4372 eo
258 4307 454 4392 revertam);
478 4307 616 4374 alterum
637 4318 756 4394 autem,
779 4317 929 4375 auctores
940 4308 1042 4375 Probi
1063 4317 1169 4374 aetate
1180 4329 1293 4374 recen·

197 4413 297 4482 tiores
319 4415 428 4482 nullos
451 4415 584 4500 adferri,
606 4439 673 4484 una
697 4417 834 4486 fortasse
862 4437 911 4501 re,
931 4425 1030 4507 prout
1050 4417 1092 4484 de
1114 4437 1153 4484 ea
1171 4416 1293 4484 iudica·
