3220 5260
905 509 927 574 4

369 715 404 760 sc
426 693 539 760 tectis“
562 713 632 779 sqq.
655 694 712 761 ubi
733 693 897 781 exipsius
918 693 1019 760 Probi
1039 677 1272 760 commentario
1293 695 1386 760 locus
1409 693 1463 760 ad·-

368 801 541 867 notationis
552 802 685 868 nomine
697 801 878 888 profertum
900 801 943 868 ad
954 802 1041 868 Aen.
1052 803 1097 887 X,
1108 789 1187 867 207:
1211 801 1464 886 „Adnotandum

370 930 449 974 vero
474 910 562 996 quod
582 932 649 976 non
670 909 750 978 dicit
770 909 859 976 unde
881 911 923 976 sit
944 910 999 977 hic
1011 911 1165 977 Aulestes
1183 931 1245 976 nec
1260 932 1341 996 quaa
1357 932 1464 976 secum

370 1017 467 1083 ducat
498 1017 654 1100 auxilia;“
692 1016 734 1082 ad
763 1017 849 1084 Aen.
878 1017 922 1102 V,
946 1017 1019 1085 488.
1050 1018 1113 1102 IX,
1141 1016 1214 1084 402.
1242 1021 1286 1104 X,
1316 1017 1367 1084 63.
1394 1017 1464 1084 564.

369 1125 441 1192 Ecl.
473 1127 512 1209 3,
546 1125 597 1192 30.
647 1125 700 1194 Ex
731 1125 832 1192 Probi
866 1126 920 1211 qui
953 1126 1071 1192 dicitur
1104 1127 1334 1192 commentario
1365 1149 1465 1193 unum

370 1234 505 1300 afferam
524 1235 632 1302 locum
655 1236 696 1301 ad
716 1235 788 1302 Ecl.
810 1238 841 1320 6,
861 1235 902 1300 31
923 1257 955 1322 p.
982 1236 1032 1320 15,
1053 1235 1096 1302 24
1117 1235 1169 1302 ed.
1191 1235 1299 1302 Keil:
1335 1235 1465 1320 „Aemi-

370 1343 434 1408 lius
462 1344 574 1431 Asper
606 1367 678 1410 cum
710 1345 797 1410 hunc
831 1344 942 1410 locum
973 1343 1144 1410 adnotaret
1174 1345 1221 1410 sic
1253 1344 1329 1410 ait.“
1373 1343 1467 1412 Servi

371 1451 573 1540 aliorumque
595 1453 842 1520 innumerabilia
864 1453 1015 1543 exempla
1035 1476 1102 1520 non
1125 1476 1206 1540 opus
1224 1461 1275 1519 est
1291 1453 1466 1544 adstruere.

371 1559 632 1629 Frontonianum
653 1561 734 1628 illud
759 1562 857 1650 (Epp.
880 1561 921 1627 ad
942 1562 1036 1629 amic.
1060 1561 1107 1648 ΙΙ,
1128 1563 1183 1648 2):
1218 1560 1468 1646 „Ciceronianos

373 1669 561 1736 emendatos
582 1679 615 1736 ct
637 1670 804 1736 distinctos
825 1671 961 1737 habebis
982 1669 1153 1738 adnotatos
1174 1696 1193 1736 a
1216 1670 1288 1736 me“
1313 1669 1348 1735 in
1370 1680 1468 1736 certa-

374 1795 450 1840 men
475 1800 543 1843 non
569 1778 720 1863 vocarim,
751 1801 825 1844 cum
845 1780 881 1846 in
900 1788 1070 1866 utramque
1097 1789 1222 1868 partem
1251 1779 1367 1846 eodem
1399 1779 1469 1845 iure

373 1883 456 1949 trahi
480 1885 601 1973 possit„

457 1993 558 2060 Recte
595 1994 697 2082 igitur
737 1995 778 2064 Ο.
811 1997 944 2066 Iahnius
985 1998 1020 2062 in
1052 1997 1209 2085 Prolegg.
1243 1999 1284 2064 ad
1321 1998 1501 2065 Persium-

299 2169 301 2172 .
375 2125 407 2190 p.
423 2101 582 2170 CLXXX
606 2103 830 2171 adnotationes
852 2107 1139 2193 grammaticorum
1158 2109 1352 2194 plerumque
1375 2106 1470 2171 inter-

375 2211 571 2298 pretationes
595 2233 667 2279 esse
690 2215 865 2280 contendit.
902 2213 972 2282 Sed
995 2216 1092 2282 etiam
1109 2216 1149 2281 de
1170 2215 1256 2282 notis
1277 2214 1396 2280 criticis
1417 2236 1471 2300 ap-

375 2319 489 2404 positis
524 2322 663 2386 verbum
696 2323 852 2389 adnotare
885 2324 920 2390 in
951 2347 1013 2390 usu
1045 2323 1146 2390 luisse
1185 2345 1283 2411 supra
1321 2323 1470 2389 vidimus.

380 2423 463 2492 (lum
485 2450 565 2496 vero
578 2429 706 2497 Probus
721 2433 757 2499 in
770 2442 908 2518 utraque
922 2453 959 2499 re
974 2453 1106 2522 operam
1120 2433 1267 2521 posuerit
1277 2431 1316 2519 ¹),
1339 2431 1475 2502 Suetoni

449 2677 476 2743 1)
494 2675 583 2730 Miror
606 2677 681 2746 quod
699 2677 925 2749 Wollenbergius
948 2679 1005 2733 »De
1024 2677 1118 2733 Probo
1136 2675 1361 2746 Vergilianorum
1380 2669 1476 2727 carmi-

376 2785 444 2822 num
461 2769 577 2824 editors.
587 2771 673 2827 185⁷«
696 2789 770 2828 nunc
787 2789 896 2842 quoque
913 2776 1062 2852 postquam
1078 2771 1245 2826 anecdotum
1263 2769 1334 2824 illud
1350 2769 1406 2822 iam
1424 2765 1472 2820 diu

334 2853 338 2858 ’
377 2864 507 2934 innotuit,
526 2866 648 2922 Probum
665 2868 742 2924 illum
762 2869 809 2939 qui
829 2869 983 2941 Vergilium
1002 2868 1142 2924 enarravit
1160 2883 1177 2923 a
1194 2871 1322 2922 notarum
1339 2881 1392 2919 usu
1409 2861 1477 2916 alie·

378 2975 446 3012 num
462 2959 545 3014 fuisse
565 2963 718 3018 contendit.
748 2963 825 3019 Duos
845 2964 919 3019 enim
936 2964 1061 3020 Valerios
1080 2963 1187 3018 Probos
1205 2961 1289 3016 luisse
1312 2960 1388 3026 dicit,
1407 2959 1476 3012 alte·

379 3071 441 3108 rum
467 3055 517 3110 sub
535 3055 647 3110 Nerone
665 3055 712 3124 qui
734 3055 867 3111 Suetonio
885 3062 958 3112 teste
977 3057 1128 3126 scriptores
1147 3053 1324 3109 adnotaverit
1344 3049 1475 3120 cuiusque

379 3150 460 3200 notas
475 3165 510 3202 ex
529 3148 666 3204 anecdoto
686 3153 841 3220 compertas
860 3149 1019 3218 babeamus,
1037 3149 1157 3203 alterum
1164 3147 1301 3204 Hadriani
1319 3151 1411 3202 aetate
1430 3145 1478 3214 qui

381 3243 594 3299 commentarios
619 3245 771 3316 scripserit,
799 3263 814 3300 e
834 3245 922 3300 Gellio
942 3245 1037 3300 Servio
1056 3245 1166 3300 Donato
1185 3247 1266 3301 nobis
1283 3248 1388 3298 notum
1425 3241 1477 3296 Ve-

381 3353 443 3390 rum
461 3340 494 3390 ut
511 3341 626 3406 taceam,
653 3339 701 3393 illa
719 3355 789 3408 quae
808 3337 882 3409 apud
901 3339 1020 3395 Gellium
1049 3341 1180 3412 leguntur
1199 3340 1269 3393 mire
1289 3339 1426 3408 quadrare
1448 3335 1477 3390 in

381 3429 503 3484 Probum
521 3431 719 3487 Suetonianum
743 3434 870 3504 (uterque
889 3433 963 3487 enim
980 3434 1094 3488 minutis
1113 3433 1335 3502 quaestiunculis*
1350 3433 1380 3488 in
1397 3437 1476 3488 vetu-

382 3525 433 3579 stis
456 3527 576 3581 maximo
601 3528 783 3598 scriptoribus
809 3527 963 3582 tractandis
982 3528 1106 3582 intentus
1131 3531 1306 3596 eretusque
1327 3527 1478 3598 discipulos

363 3624 433 3678 -sed
452 3629 605 3680 sectatores
623 3626 730 3704 aliquot
744 3625 884 3694 babebat),
907 3625 989 3694 plane
1013 3629 1108 3679 tamen
1123 3623 1346 3694 Wollenbergius
1370 3623 1478 3678 duobus

384 3718 463 3774 Servi
474 3722 543 3777 locis
562 3722 709 3792 refutatur,
724 3740 792 3792 quos
809 3723 926 3778 nimium
937 3726 1071 3792 quantum
1086 3721 1254 3792 detorquere
1273 3726 1406 3792 temptat;
1423 3720 1480 3792 pri·

260 3823 263 3828 ‘
383 3831 459 3868 mum
476 3815 513 3869 ad
530 3814 739 3886 Aen.1,al.22.
760 3836 842 3889 quem
860 3836 910 3874 ms.
927 3819 1098 3874 Cassellanus
1115 3816 1156 3870 ita
1174 3816 1301 3870 exhibet:
1329 3817 1377 3870 »ln
1394 3816 1480 3890 Probi

384 3908 520 3978 adpuncti
544 3915 616 3966 sunt.
653 3911 692 3992 Et
714 3912 913 3980 adnotandum,
941 3912 971 3966 hi
989 3912 1043 3966 duo
1070 3911 1093 3964 si
1108 3910 1274 3979 eximantur,
1301 3909 1480 3964 nihilominus

319 4040 324 4050 ·
386 4021 483 4060 sensus
501 4006 555 4061 erit
571 4007 706 4077 integer«.
736 4008 880 4078 Adpuncti
891 4008 909 4061 i.
922 4024 945 4060 e.
957 4011 1025 4060 nota
1041 4004 1172 4060 instructi
1190 4004 1225 4058 da
1243 4021 1298 4074 qua
1315 4010 1344 4060 et
1362 4005 1479 4060 anecdo-

387 4103 446 4154 tum
465 4105 494 4155 et
512 4100 611 4156 Isidor.
631 4100 725 4173 Origg.
736 4102 759 4169 1,
769 4103 816 4156 20:
838 4109 884 4151 »-'-
904 4085 1007 4156 Obelus
1025 4101 1209 4168 compuncto
1228 4097 1342 4167 (Obelus
1361 4114 1480 4170 superne

388 4195 543 4266 adpunctus
563 4197 674 4266 Isidor.)
700 4199 736 4252 ad
754 4215 787 4252 ea
811 4197 845 4251 da
866 4195 966 4266 quibus
987 4196 1131 4250 dubitatur
1149 4195 1211 4250 tolli
1229 4195 1350 4249 debeant
1367 4209 1480 4249 necne«.

388 4291 476 4360 Quam
493 4293 642 4348 lectionem
660 4291 889 4362 Wollsnbergiua‘
902 4289 955 4346 hac
973 4290 1015 4346 de
1028 4305 1112 4345 causa
1127 4289 1276 4360 improbat,
1292 4287 1357 4358 quia
1374 4303 1431 4343 non
1448 4289 1480 4341 ut

387 4388 423 4443 de
439 4391 499 4444 aliis
517 4388 656 4445 nonnullis
669 4389 744 4442 notis
761 4390 857 4457 aperte
870 4385 978 4442 dictum
992 4386 1037 4455 sit,
1057 4385 1179 4442 Probum
1199 4401 1233 4440 ea
1250 4401 1330 4440 usum
1347 4400 1416 4452 esse,
1432 4383 1481 4440 ob·
