3220 5260
746 493 787 614 'a

216 735 293 799 terit
314 733 515 820 investigari,
537 742 573 798 ut
595 727 724 820 quando
749 734 864 798 Valeri
887 731 985 798 Probi
1009 744 1130 798 nomen
1150 753 1312 798 commen·

216 843 298 910 tario
317 843 511 931 inscriptum
534 839 576 906 sit
600 841 759 926 indagare
781 861 945 919 conemur.
971 839 1044 920 Qua
1058 839 1092 903 in
1113 859 1149 903 re
1167 861 1210 904 ne
1233 839 1315 905 illud

218 952 349 1039 quidem
371 952 453 1016 mibi
473 951 688 1017 certissimum
703 958 762 1038 est,
785 949 883 1014 fuisse
908 949 992 1015 hanc
1015 947 1261 1034 inscriptionem
1281 949 1316 1014 in

216 1063 394 1149 archetypo
427 1059 538 1126 codice
562 1059 720 1126 Bobiensi
753 1081 840 1123 nunc
877 1058 1058 1144 deperdito,
1088 1081 1159 1121 cum
1189 1057 1241 1122 ed.
1266 1081 1314 1145 pr.

216 1169 394 1235 anni150l
422 1191 503 1257 quac
537 1192 579 1236 ex
603 1191 641 1236 eo
663 1169 805 1234 manavit
829 1167 949 1256 „Probi
973 1165 1184 1231 vetustissimi
1209 1187 1315 1250 gram·

215 1278 345 1342 motioi“
366 1279 498 1344 nomine
522 1279 650 1364 signata
672 1279 723 1344 sit.
774 1279 849 1342 Duo
874 1276 1007 1361 quidem
1038 1275 1088 1338 illi
1120 1297 1200 1361 quos
1229 1275 1315 1340 solos

216 1388 374 1452 habemus
395 1389 471 1453 libri
494 1413 571 1457 mss.
587 1413 669 1455 saec.
683 1389 760 1472 XV,
784 1389 814 1453 ci
836 1409 965 1475 quoque
989 1409 1032 1452 ex
1052 1384 1209 1452 Bobiensi
1231 1382 1316 1448 deri·

216 1497 282 1562 vati
309 1497 365 1581 (cf.
387 1497 475 1563 Keil.
498 1502 602 1584 praef.
624 1522 655 1584 p.
669 1497 779 1582 VIII),
807 1498 986 1563 Vaticanus
1017 1497 1080 1579 „M.
1100 1495 1174 1559 Val.
1194 1491 1315 1558 Probi“

221 1605 389 1672 Parisinus
413 1606 557 1690 „Valerii
584 1605 703 1671 Probi“
726 1628 845 1670 nomen
867 1628 945 1691 prae
969 1626 1002 1669 se
1024 1605 1143 1668 ferunt.
1167 1599 1235 1668 Sed
1256 1598 1317 1664 ctsi

217 1712 398 1778 Vaticanus
425 1717 564 1780 fortasse
586 1736 652 1778 non
674 1716 714 1780 ab
744 1713 816 1800 ipso
845 1713 1027 1799 Pomponio
1050 1711 1152 1776 Laeto
1176 1709 1317 1796 scriptus

221 1819 323 1904 est1),
345 1845 412 1886 non
434 1832 543 1887 tamen
564 1822 694 1910 stupido
716 1823 850 1887 librario
873 1820 1010 1886 debetur
1031 1819 1090 1884 sed
1117 1817 1240 1884 homini
1263 1815 1317 1904 qui

222 1927 367 1993 animum
388 1930 527 1996 advertit
547 1931 587 1996 ad
611 1954 647 1998 ea
671 1943 752 2019 quae
777 1930 914 2018 scripsit.
959 1930 1060 1996 Cuius
1085 1929 1134 1994 rei
1168 1927 1317 2014 exempla

218 2047 303 2119 sunt,
339 2039 426 2125 quod
448 2040 511 2126 p.1
545 2062 677 2104 vorsum
699 2039 830 2122 Vergili
855 2039 908 2125 qui
932 2039 1076 2119 affertur,
1102 2038 1142 2100 ab
1168 2035 1317 2100 omnibus

220 2145 266 2210 sic
290 2157 457 2213 narratum
480 2184 542 2232 „-·
564 2147 666 2212 cecini
698 2169 816 2232 pascua
846 2170 923 2211 rura
944 2145 1063 2210 duces“
1097 2167 1162 2209 non
1188 2143 1317 2210 inficeto
1362 2130 1394 2226 >4

221 2255 278 2319 ille
300 2255 344 2319 ita
369 2253 503 2320 mutavit
527 2293 588 2338 ,,-
602 2255 704 2320 cecini
716 2277 836 2342 pascua
851 2277 947 2342 poma
959 2254 1142 2340 Phruges,“
1166 2253 1317 2339 quodque

222 2364 312 2428 locos
345 2374 515 2452 corruptos
547 2365 675 2452 saepius
704 2363 880 2428 emendare
903 2363 1084 2449 temptavit,
1118 2365 1158 2426 cf.
1179 2384 1210 2449 p.
1222 2361 1253 2446 b,
1269 2361 1318 2428 13.

222 2469 335 2556 30,10.
359 2471 409 2553 66,
422 2473 441 2537 6
455 2473 509 2536 611.
539 2471 616 2537 Non
638 2471 718 2535 mihi
739 2470 870 2535 videtur
891 2470 1083 2535 incredibile
1108 2491 1182 2534 cum
1205 2491 1222 2532 6
1240 2469 1319 2537 Sue·

221 2580 291 2644 toni
315 2580 355 2644 de
377 2581 599 2666 grammaticis
623 2579 736 2646 libello
759 2579 814 2668 qui
836 2579 965 2644 circiter
986 2579 1072 2643 med.
1086 2600 1170 2645 saec.
1183 2578 1248 2643 XV
1271 2577 1319 2642 in·

222 2697 339 2754 ventus
364 2711 505 2776 moxque
525 2689 675 2774 volgatus
698 2698 756 2771 est,
777 2689 821 2754 M.
844 2687 1016 2754 Valerium
1038 2687 1184 2754 Probum
1208 2686 1318 2773 cogni-

223 2805 292 2862 tum
313 2797 464 2863 habuisse
487 2799 691 2884 eundemque
713 2798 807 2863 illum
829 2807 960 2886 putasse
981 2807 1078 2886 atque
1089 2797 1233 2883 Probum
1246 2817 1319 2860 eum

225 2907 316 2972 cuius
338 2928 458 2971 nomen
479 2907 514 2970 in
534 2931 593 2972 ms.
612 2907 693 2972 Bob.
716 2908 845 2994 legerit.
870 2907 911 2990 (Ε
937 2906 1048 2975 Gellio
1071 2907 1168 2991 enim,
1191 2905 1317 2990 dequo

224 3015 323 3080 facile
347 3016 418 3100 quis
441 3015 575 3102 cogitet,
596 3037 796 3102 praenomen
818 3015 886 3080 eius
909 3038 975 3081 non
996 3015 1102 3102 potuit
1121 3014 1229 3097 scire.)
1256 3013 1319 3080 Oui

224 3123 368 3210 opinioni
398 3147 463 3188 non
493 3125 765 3189 contemnendum
796 3125 956 3190 succurrit
976 3134 1216 3209 argumentum.
1263 3121 1319 3187 Ad

226 3232 486 3318 Georg.111,25
509 3234 655 3298 codicem
678 3233 876 3300 Bobienscm
904 3234 985 3298 haec
1012 3233 1165 3298 habuisse
1195 3253 1238 3298 ex
1259 3255 1319 3298 ms.

223 3341 324 3406 Paris
349 3350 444 3406 etex
467 3342 517 3406 ed.
534 3366 583 3430 pr.
599 3343 844 3428 cognoscimus:
869 3343 1088 3430 „Plerumque
1111 3341 1196 3407 ludis
1217 3341 1318 3428 impe·

224 3447 339 3514 ratoris
363 3471 441 3533 quas
473 3448 623 3536 proxime
654 3459 770 3535 gentes
801 3449 931 3533 devicit,
966 3471 1078 3514 earum
1108 3450 1255 3514 habitum
1287 3458 1320 3512 et

223 3555 362 3642 figuram
385 3559 505 3623 aulaeis
527 3559 710 3624 intexunt.“
754 3557 879 3626 Contra
901 3582 959 3623 ms.
985 3559 1092 3623 Vatic.
1115 3559 1199 3624 hanc
1220 3559 1320 3624 inter·

224 3665 422 3751 polationem
445 3667 593 3732 exhibet:
626 3669 843 3752 „Plerumque
865 3668 950 3734 ludis
975 3667 1161 3734 Domitiani
1179 3669 1320 3756 impera-

222 3773 302 3837 toris
323 3795 401 3859 quas
423 3775 571 3863 proxime
597 3777 687 3861 sqq.“
732 3777 838 3858 Quam
860 3778 1073 3842 mutationem
1094 3778 1191 3842 facile
1217 3797 1256 3841 ea
1280 3776 1320 3841 de

224 3903 319 3947 eausa
341 3883 493 3952 librarius
515 3885 624 3950 facere
647 3884 751 3973 potuit
769 3895 804 3948 ut
816 3886 860 3951 M.
872 3885 1041 3950 Valerium
1053 3885 1197 3952 Probum
1210 3896 1319 3952 aucto-

222 4009 293 4052 rem
314 3991 519 4080 imperatoris
552 3994 603 4059 cui
635 3993 777 4078 aequalis
808 4005 876 4058 erat
905 3994 1038 4060 nomine
1069 3996 1210 4062 fulciret.
1255 3997 1317 4064 Ms.

223 4095 326 4165 Paris.
349 4123 470 4166 nomen
492 4102 636 4186 „Valerii
659 4102 779 4168 Probi“
806 4125 849 4168 ex
871 4104 987 4169 eodem
1009 4102 1167 4170 Suetonio
1196 4105 1261 4190 vel,
1294 4102 1321 4168 si

296 4352 320 4418 1)
341 4351 376 4404 ab
397 4351 446 4406 illo
465 4350 601 4422 scriptum
619 4369 688 4420 esse,
706 4349 830 4406 Brunnio
848 4354 971 4418 auctore,
994 4349 1101 4407 Keilius
1119 4351 1245 4408 defendit
1262 4351 1281 4407 l.
1294 4371 1322 4408 o.

223 4462 250 4515 p.
260 4443 294 4515 X,
313 4448 521 4504 contradicente
541 4447 573 4502 G.
584 4447 702 4503 Thilone
719 4447 749 4502 in
765 4446 838 4504 Mus.
855 4445 944 4503 Rhen.
953 4446 1012 4519 XV,
1026 4450 1086 4505 150·
1199 4459 1202 4467 ’
