3220 5260
693 539 710 604 l

155 721 394 808 intellegamus.
436 720 627 794 Notandum
648 731 708 807 est,
729 744 881 792 rerumta
904 723 1117 812 scriptoribus
1137 733 1252 790 tracta·

157 837 260 902 tarum
278 834 404 902 nullam
422 833 523 902 Probi
547 834 800 922 explicationem
820 833 908 921 apud
930 832 1077 902 Gellium
1096 831 1251 913 inveniri3

156 939 214 1006 sed
239 963 313 1010 cum
336 941 467 1008 omnino
487 963 557 1010 non
578 943 726 1030 plurimis
746 943 827 1012 loris
848 944 889 1009 ab
909 963 948 1008 eo
968 941 1124 1008 afferatur
1146 949 1180 1006 et
1195 940 1253 1006 ille

154 1047 254 1117 rebua
276 1049 479 1138 explicandis
498 1049 571 1136 ipse
593 1050 701 1118 minus
720 1051 865 1120 intentus
887 1049 996 1134 fuerit,
1018 1048 1253 1116 indenondum

155 1158 308 1228 concludi
332 1166 441 1246 potest
467 1157 545 1224 talia
572 1181 592 1224 a
616 1157 724 1226 Probo
750 1159 902 1245 neglecta
925 1177 1008 1226 esse.
1049 1155 1120 1224 Sed
1149 1157 1252 1224 multo

155 1264 276 1332 certius
297 1264 361 1332 hoe
380 1265 439 1330 fiet
461 1263 674 1332 consideratis
687 1264 735 1332 eis
756 1287 838 1350 qnae
855 1265 990 1336 Servius
1010 1265 1182 1352 permultis
1204 1263 1252 1328 lo·

155 1371 203 1438 cia
225 1381 258 1438 et
281 1373 405 1440 scholia
424 1371 631 1441 Veronensis
651 1372 783 1440 eProbi
802 1372 1039 1443 commentariis
1051 1371 1252 1458 Vergiliana

154 1479 296 1546 afferunt
305 1481 342 1564 1).
363 1480 467 1569 Apud
477 1481 537 1546 hos
549 1481 636 1548 enim
648 1481 777 1574 circiter
787 1481 923 1568 triginta
942 1499 1002 1550 seu
1022 1479 1251 1548 loeiProbiani

153 1588 273 1656 senati
293 1597 369 1660 sunt
381 1587 409 1672 ²)
435 1587 588 1674 (quorum
610 1611 694 1656 unus
718 1588 761 1654 ad
781 1588 867 1659 Aen.
880 1590 919 1658 II
939 1589 999 1656 173
1020 1589 1107 1676 apud
1126 1597 1251 1658 utrum-

154 1713 217 1782 que
238 1695 376 1782 legitur)
397 1695 453 1784 qui
474 1695 593 1784 partim
615 1695 657 1764 de
679 1696 905 1770 emendatione
936 1695 985 1781 (in
1014 1717 1078 1782 qua
1101 1696 1251 1766 boentius

154 1821 229 1870 eum
265 1811 432 1870 versatum
470 1802 661 1890 Wagnerus
699 1802 933 1870 demonstravit
967 1803 1131 1892 Philolog.
1167 1805 1252 1874 XVI

153 1931 186 1997 p.
209 1909 269 1974 541
291 1909 353 1996 sq.)
377 1910 584 1978 distinctions
604 1911 838 2000 orthographia
857 1921 972 1999 agunt,
996 1912 1116 1999 partim
1136 1916 1251 1982 verbo-

153 2041 226 2084 rum
256 2039 353 2084 nsum
381 2027 415 2084 et
443 2019 716 2106 significationem
743 2019 912 2106 indagant,
943 2021 999 2088 alii
1030 2021 1179 2088 criticum
1209 2021 1251 2088 de

154 2127 359 2214 quorundam
378 2128 525 2194 locorum
545 2128 790 2215 pulchritudine
799 2129 955 2196 indicium
967 2139 1134 2214 exercent,
1156 2151 1250 2218 quae·

153 2234 274 2302 stiones
296 2235 394 2302 etiam
414 2245 549 2304 movent
560 2237 602 2304 de
616 2237 753 2304 obscura
763 2237 997 2308 sententiarum
1011 2240 1250 2326 verborumque

156 2341 394 2430 significatione
407 2344 452 2430 Β);
481 2345 590 2412 nullus
611 2355 722 2414 autem
741 2347 777 2412 in
794 2347 894 2414 rebus
914 2369 993 2432 quas
1016 2355 1114 2435 poeta
1133 2355 1250 2412 tractu

154 2452 347 2520 enarrandis
379 2461 539 2522 versatur.
589 2454 734 2524 Omnino
759 2456 815 2524 hie
847 2477 976 2542 qnoque
1007 2455 1140 2524 easdem
1171 2479 1250 2542 quas

224 2696 252 2766 1)
270 2696 457 2767 Conspectum
482 2711 578 2753 eorum
602 2697 717 2754 exhibet
741 2697 875 2770 Suringtn·
897 2697 996 2753 histor.
1018 2695 1083 2752 crit.
1108 2693 1250 2752 aabolicat.

152 2788 215 2844 lat.
224 2789 260 2856 11,
272 2789 307 2846 17
323 2805 384 2859 sqq.
420 2789 554 2848 Seniano
571 2791 656 2848 etiam
674 2791 748 2863 apud
755 2791 996 2862 Wollenbergium
1005 2791 1041 2848 de
1050 2793 1145 2850 Probo
1164 2793 1249 2863 Verg.

154 2884 221 2941 edit.
231 2903 259 2960 p.
269 2888 287 2942 b
297 2903 356 2958 sqq.
373 2886 558 2957 reperiuntur.

224 2983 252 3050 2)
271 2979 426 3036 Nonnullos
452 2981 528 3038 locos
548 2980 673 3038 Osannus
694 2981 781 3037 Beitr.
798 2999 848 3036 aur
865 2979 1113 3050 luith-Gerebll,
1126 2981 1178 3035 269
1188 2997 1249 3050 sqq.

153 3075 189 3130 ad
207 3075 345 3134 iuniorem
359 3073 483 3130 Probum
500 3075 693 3146 artigraphum
711 3075 759 3146 qui
770 3079 870 3144 quarto
888 3093 916 3146 p.
927 3075 974 3130 ch.
994 3073 1103 3130 saeculo
1120 3073 1191 3128 vixit
1208 3090 1249 3127 re-

152 3167 282 3226 ferendos
312 3174 417 3239 censet,
444 3170 519 3225 iuter
544 3188 612 3241 quos
639 3169 675 3226 ad
701 3169 802 3241 (ieorg.
820 3169 842 3238 1,
852 3171 913 3225 277.
936 3169 1006 3226 Aen.
1021 3166 1043 3238 Ι,
1059 3170 1158 3225 1.194.
1181 3185 1250 3238 quos

152 3263 301 3321 Lersohina
318 3267 348 3319 in
366 3265 462 3320 diariis
478 3265 606 3336 antiquit.
626 3267 745 3323 litterar.
763 3265 990 3339 1840p.111aq.
1025 3263 1119 3320 Probo
1137 3263 1250 3332 Berytio

152 3357 341 3414 restituendos
360 3377 420 3416 esse
442 3364 519 3416 recte
545 3361 755 3418 demembravit.
792 3363 848 3418 Sed
867 3366 963 3433 potest
985 3377 1045 3416 esse
1068 3363 1101 3413 ut
1118 3358 1194 3414 Serv.
1213 3357 1250 3412 ad

153 3453 223 3510 Aen
233 3454 269 3522 Π,
278 3456 313 3511 15
334 3455 441 3510 »Instar
458 3471 561 3511 nomeu
579 3460 623 3512 est
638 3456 845 3526 indeclinabile,
865 3457 933 3513 licet
951 3456 1059 3511 Probus
1076 3452 1189 3508 metaris
1203 3453 1250 3508 de·

152 3547 300 3604 chnaverit
318 3553 351 3604 ut
374 3549 512 3606 nectaris«
532 3551 615 3606 etad
636 3551 706 3608 Aen.
717 3551 765 3619 VI,
774 3551 828 3608 866
857 3547 919 3604 »Ad
940 3547 1111 3614 insternor
1133 3546 1250 3602 dicimus

154 3643 230 3714 quod
249 3643 357 3700 Probus
375 3644 512 3700 declinat«
533 3645 670 3714 (declarat
686 3663 760 3716 mss,
781 3663 834 3700 em.
854 3643 1007 3714 Suringar.)
1029 3660 1064 3698 ex
1088 3642 1249 3713 artigrapho

153 3739 244 3812 petita
263 3739 321 3794 sint
339 3739 374 3795 oi.
386 3739 491 3796 Cathol.
510 3741 748 3811 p.1458Putaeh.
765 3758 817 3796 neo
834 3757 891 3796 non
909 3739 945 3794 ad
963 3739 1041 3794 illum
1060 3757 1122 3794 oum
1140 3736 1249 3792 Osanno

154 3849 207 3906 ego
225 3833 301 3890 hunc
318 3834 411 3890 locum
431 3833 576 3890 retulerim
591 3834 628 3890 ad
645 3834 715 3890 Aen.
730 3833 789 3904 Vll,
804 3835 870 3890 421:
900 3833 1023 3889 »Probus
1040 3833 1075 3890 de
1092 3837 1250 3904 temporum

154 3931 327 3989 connexione
339 3929 465 3986 libellum
482 3930 638 4001 composuit
648 3930 678 3986 iu
695 3947 750 4000 qno
766 3930 850 3986 docet
866 3928 934 4000 qnid
948 3929 993 3984 cni
1004 3928 1106 3984 debeat
1121 3944 1249 3984 accomo-

153 4027 223 4097 dari,
242 4046 276 4084 cx
286 4046 340 4099 qno
353 4026 540 4098 intellegimus
553 4026 625 4084 hanc
642 4026 806 4098 quemfecit
818 4025 933 4082 arduam
946 4041 1006 4080 esse
1024 4023 1249 4080 connexionem«.

224 4125 254 4194 3)
273 4123 357 4180 Falso
369 4123 609 4196 Wollenbergium
621 4127 674 4195 pi
687 4123 823 4195 suspicari
839 4120 917 4193 puto,
935 4122 1059 4178 Probum
1077 4137 1137 4176 esse
1154 4122 1249 4177 inven-

153 4223 245 4274 torem
264 4219 412 4276 dnodecim
428 4220 555 4276 locorum
571 4219 760 4276 insolubilium
779 4235 848 4288 quos
866 4217 979 4274 Servius
996 4216 1033 4272 ad
1050 4215 1119 4270 Aen.
1129 4215 1176 4284 IX,
1186 4218 1248 4272 363.

152 4313 214 4384 XII,
228 4317 263 4372 72
290 4321 495 4372 commemorat
531 4317 613 4374 Tales
637 4332 729 4386 nugae
752 4314 935 4371 scholasticae
961 4313 1065 4370 abillo
1095 4312 1202 4368 alienae
1219 4316 1250 4368 et

152 4410 309 4481 postedme
328 4411 438 4468 demum
456 4397 549 4468 aelate
568 4411 695 4470 excultae
715 4427 776 4466 esse
792 4409 933 4469 videntur.
