<?xml version="1.0" encoding="UTF-8"?>
<!DOCTYPE html PUBLIC "-//W3C//DTD XHTML 1.0 Transitional//EN"
    "http://www.w3.org/TR/xhtml1/DTD/xhtml1-transitional.dtd">
<html xmlns="http://www.w3.org/1999/xhtml" xml:lang="en" lang="en">
 <head>
  <title>
</title>
<meta http-equiv="Content-Type" content="text/html;charset=utf-8" />
  <meta name='ocr-system' content='tesseract 3.04.00' />
  <meta name='ocr-capabilities' content='ocr_page ocr_carea ocr_par ocr_line ocrx_word'/>
</head>
<body>
  <div class='ocr_page' id='page_1' title='image "./decommentariove01riesgoog_0024.png"; bbox 0 0 3220 5260; ppageno 0'>
   <div class='ocr_carea' id='block_1_1' title="bbox 702 537 741 604">
    <p class='ocr_par' dir='ltr' id='par_1_1' title="bbox 702 537 741 604">
     <span class='ocr_line' id='line_1_1' title="bbox 702 537 741 604; baseline 0.051 -2"><span class='ocrx_word' id='word_1_1' title='bbox 702 537 741 604; x_wconf 76' lang='lat'>17</span> 
     </span>
    </p>
   </div>
   <div class='ocr_carea' id='block_1_2' title="bbox 158 719 1329 4284">
    <p class='ocr_par' dir='ltr' id='par_1_2' title="bbox 158 719 1329 4284">
     <span class='ocr_line' id='line_1_2' title="bbox 170 719 1268 806; baseline -0.005 -18"><span class='ocrx_word' id='word_1_2' title='bbox 170 733 242 789; x_wconf 86' lang='lat' dir='ltr'>e&#39;sse</span> <span class='ocrx_word' id='word_1_3' title='bbox 265 722 449 806; x_wconf 82' lang='lat' dir='ltr'><strong>contendat,</strong></span> <span class='ocrx_word' id='word_1_4' title='bbox 471 743 571 786; x_wconf 89' lang='lat' dir='ltr'>unum</span> <span class='ocrx_word' id='word_1_5' title='bbox 592 722 745 787; x_wconf 90' lang='lat' dir='ltr'>relictum</span> <span class='ocrx_word' id='word_1_6' title='bbox 768 730 817 788; x_wconf 86' lang='lat' dir='ltr'>est</span> <span class='ocrx_word' id='word_1_7' title='bbox 831 721 876 786; x_wconf 91' lang='lat' dir='ltr'>eis</span> <span class='ocrx_word' id='word_1_8' title='bbox 901 719 954 805; x_wconf 90' lang='lat' dir='ltr'>qui</span> <span class='ocrx_word' id='word_1_9' title='bbox 978 741 1052 784; x_wconf 91' lang='lat' dir='ltr'>eum</span> <span class='ocrx_word' id='word_1_10' title='bbox 1073 719 1148 786; x_wconf 85' lang='lat' dir='ltr'>libri</span> <span class='ocrx_word' id='word_1_11' title='bbox 1161 727 1268 784; x_wconf 88' lang='lat' dir='ltr'>aucto-</span> 
     </span>
     <span class='ocr_line' id='line_1_3' title="bbox 169 827 1267 920; baseline -0.004 -24"><span class='ocrx_word' id='word_1_12' title='bbox 169 853 239 897; x_wconf 90' lang='lat' dir='ltr'>rem</span> <span class='ocrx_word' id='word_1_13' title='bbox 270 841 394 920; x_wconf 83' lang='lat' dir='ltr'>putant,</span> <span class='ocrx_word' id='word_1_14' title='bbox 424 841 461 896; x_wconf 92' lang='lat' dir='ltr'>ut</span> <span class='ocrx_word' id='word_1_15' title='bbox 494 831 629 896; x_wconf 89' lang='lat' dir='ltr'>alteram</span> <span class='ocrx_word' id='word_1_16' title='bbox 657 831 915 912; x_wconf 80' lang='lat' dir='ltr'>adnotationem</span> <span class='ocrx_word' id='word_1_17' title='bbox 933 829 1034 918; x_wconf 91' lang='lat' dir='ltr'>ipsius</span> <span class='ocrx_word' id='word_1_18' title='bbox 1061 827 1161 894; x_wconf 89' lang='lat' dir='ltr'><strong>Probi</strong></span> <span class='ocrx_word' id='word_1_19' title='bbox 1185 847 1267 912; x_wconf 85' lang='lat' dir='ltr'>csse,</span> 
     </span>
     <span class='ocr_line' id='line_1_4' title="bbox 169 935 1267 1028; baseline -0.006 -23"><span class='ocrx_word' id='word_1_20' title='bbox 169 942 304 1006; x_wconf 89' lang='lat' dir='ltr'>alteram</span> <span class='ocrx_word' id='word_1_21' title='bbox 328 942 367 1004; x_wconf 96' lang='lat' dir='ltr'>ab</span> <span class='ocrx_word' id='word_1_22' title='bbox 390 949 585 1028; x_wconf 90' lang='lat' dir='ltr'>excerptore</span> <span class='ocrx_word' id='word_1_23' title='bbox 614 941 669 1004; x_wconf 88' lang='grc'>111</span> <span class='ocrx_word' id='word_1_24' title='bbox 697 939 932 1026; x_wconf 76' lang='lat' dir='ltr'>interpolatore</span> <span class='ocrx_word' id='word_1_25' title='bbox 964 937 1182 1022; x_wconf 89' lang='lat' dir='ltr'>undecunque</span> <span class='ocrx_word' id='word_1_26' title='bbox 1212 935 1267 998; x_wconf 91' lang='lat' dir='ltr'>ad·</span> 
     </span>
     <span class='ocr_line' id='line_1_5' title="bbox 158 1045 1267 1135; baseline -0.006 -21"><span class='ocrx_word' id='word_1_27' title='bbox 158 1049 270 1116; x_wconf 71' lang='lat' dir='ltr'>&#39;ditem</span> <span class='ocrx_word' id='word_1_28' title='bbox 294 1048 491 1115; x_wconf 87' lang='lat' dir='ltr'>existiment.</span> <span class='ocrx_word' id='word_1_29' title='bbox 536 1045 605 1114; x_wconf 85' lang='lat' dir='ltr'>Sed</span> <span class='ocrx_word' id='word_1_30' title='bbox 631 1070 702 1113; x_wconf 91' lang='lat' dir='ltr'>eam</span> <span class='ocrx_word' id='word_1_31' title='bbox 725 1048 857 1135; x_wconf 90' lang='lat' dir='ltr'>quidem</span> <span class='ocrx_word' id='word_1_32' title='bbox 881 1069 962 1132; x_wconf 90' lang='lat' dir='ltr'>quae</span> <span class='ocrx_word' id='word_1_33' title='bbox 984 1047 1166 1134; x_wconf 87' lang='lat' dir='ltr'>posteriore</span> <span class='ocrx_word' id='word_1_34' title='bbox 1195 1045 1267 1108; x_wconf 93' lang='lat' dir='ltr'>loco</span> 
     </span>
     <span class='ocr_line' id='line_1_6' title="bbox 170 1145 1268 1243; baseline -0.005 -22"><span class='ocrx_word' id='word_1_35' title='bbox 170 1155 276 1243; x_wconf 89' lang='lat' dir='ltr'>posita</span> <span class='ocrx_word' id='word_1_36' title='bbox 302 1163 351 1219; x_wconf 86' lang='lat' dir='ltr'>est</span> <span class='ocrx_word' id='word_1_37' title='bbox 379 1155 550 1239; x_wconf 85' lang='lat' dir='ltr'>quominus</span> <span class='ocrx_word' id='word_1_38' title='bbox 574 1155 771 1220; x_wconf 89' lang='lat' dir='ltr'>Probianam</span> <span class='ocrx_word' id='word_1_39' title='bbox 793 1163 907 1240; x_wconf 90' lang='lat' dir='ltr'>putare</span> <span class='ocrx_word' id='word_1_40' title='bbox 929 1153 1056 1239; x_wconf 82' lang='lat' dir='ltr'>possint</span> <span class='ocrx_word' id='word_1_41' title='bbox 1075 1151 1184 1218; x_wconf 86' lang='lat' dir='ltr'>verbis</span> <span class='ocrx_word' id='word_1_42' title='bbox 1215 1145 1268 1234; x_wconf 79' lang='lat' dir='ltr'>„in</span> 
     </span>
     <span class='ocr_line' id='line_1_7' title="bbox 170 1261 1268 1350; baseline -0.004 -23"><span class='ocrx_word' id='word_1_43' title='bbox 170 1263 233 1328; x_wconf 88' lang='lat' dir='ltr'>alio</span> <span class='ocrx_word' id='word_1_44' title='bbox 264 1261 330 1326; x_wconf 88' lang='lat' dir='ltr'>sic“</span> <span class='ocrx_word' id='word_1_45' title='bbox 363 1262 566 1350; x_wconf 82' lang='lat' dir='ltr'>prohibetur,</span> <span class='ocrx_word' id='word_1_46' title='bbox 594 1283 676 1346; x_wconf 90' lang='lat' dir='ltr'>quae</span> <span class='ocrx_word' id='word_1_47' title='bbox 705 1262 776 1350; x_wconf 87' lang='lat' dir='ltr'>ipsa</span> <span class='ocrx_word' id='word_1_48' title='bbox 805 1261 1029 1326; x_wconf 88' lang='lat' dir='ltr'>demonstrant</span> <span class='ocrx_word' id='word_1_49' title='bbox 1058 1283 1125 1325; x_wconf 90' lang='lat' dir='ltr'>non</span> <span class='ocrx_word' id='word_1_50' title='bbox 1158 1281 1200 1323; x_wconf 85' lang='lat' dir='ltr'>ex</span> <span class='ocrx_word' id='word_1_51' title='bbox 1230 1280 1268 1324; x_wconf 92' lang='lat' dir='ltr'>eo</span> 
     </span>
     <span class='ocr_line' id='line_1_8' title="bbox 169 1369 1268 1458; baseline -0.002 -24"><span class='ocrx_word' id='word_1_52' title='bbox 169 1369 253 1436; x_wconf 91' lang='lat' dir='ltr'>libro</span> <span class='ocrx_word' id='word_1_53' title='bbox 278 1392 341 1455; x_wconf 92' lang='lat' dir='ltr'>quo</span> <span class='ocrx_word' id='word_1_54' title='bbox 363 1370 397 1434; x_wconf 90' lang='lat' dir='ltr'>in</span> <span class='ocrx_word' id='word_1_55' title='bbox 420 1370 568 1457; x_wconf 84' lang='lat' dir='ltr'>plurimis</span> <span class='ocrx_word' id='word_1_56' title='bbox 592 1378 768 1458; x_wconf 80' lang='lat' dir='ltr'>excerptor</span> <span class='ocrx_word' id='word_1_57' title='bbox 785 1371 946 1454; x_wconf 83' lang='lat' dir='ltr'>utebatur,</span> <span class='ocrx_word' id='word_1_58' title='bbox 966 1369 1047 1434; x_wconf 93' lang='lat' dir='ltr'>haec</span> <span class='ocrx_word' id='word_1_59' title='bbox 1060 1369 1174 1435; x_wconf 89' lang='lat' dir='ltr'>hausta</span> <span class='ocrx_word' id='word_1_60' title='bbox 1188 1389 1268 1432; x_wconf 88' lang='lat' dir='ltr'>esse.</span> 
     </span>
     <span class='ocr_line' id='line_1_9' title="bbox 170 1477 1271 1566; baseline 0 -24"><span class='ocrx_word' id='word_1_61' title='bbox 170 1478 285 1566; x_wconf 87' lang='lat' dir='ltr'>Itaque</span> <span class='ocrx_word' id='word_1_62' title='bbox 308 1479 334 1542; x_wconf 91' lang='lat' dir='ltr'>si</span> <span class='ocrx_word' id='word_1_63' title='bbox 357 1477 441 1543; x_wconf 87' lang='lat' dir='ltr'>forte</span> <span class='ocrx_word' id='word_1_64' title='bbox 464 1477 535 1563; x_wconf 90' lang='lat' dir='ltr'>quis</span> <span class='ocrx_word' id='word_1_65' title='bbox 558 1478 639 1543; x_wconf 88' lang='lat' dir='ltr'>baec</span> <span class='ocrx_word' id='word_1_66' title='bbox 669 1479 785 1562; x_wconf 88' lang='lat' dir='ltr'>quibus</span> <span class='ocrx_word' id='word_1_67' title='bbox 818 1478 877 1561; x_wconf 78' lang='lat' dir='ltr'>„ab</span> <span class='ocrx_word' id='word_1_68' title='bbox 900 1477 982 1542; x_wconf 80' lang='lat' dir='ltr'>ali0“</span> <span class='ocrx_word' id='word_1_69' title='bbox 1006 1477 1198 1566; x_wconf 86' lang='lat' dir='ltr'>inscriptum</span> <span class='ocrx_word' id='word_1_70' title='bbox 1221 1487 1271 1544; x_wconf 85' lang='lat' dir='ltr'>est</span> 
     </span>
     <span class='ocr_line' id='line_1_10' title="bbox 171 1585 1269 1676; baseline -0.001 -24"><span class='ocrx_word' id='word_1_71' title='bbox 171 1587 281 1652; x_wconf 93' lang='lat' dir='ltr'>Probo</span> <span class='ocrx_word' id='word_1_72' title='bbox 304 1586 471 1652; x_wconf 68' lang='lat' dir='ltr'>vindicare</span> <span class='ocrx_word' id='word_1_73' title='bbox 494 1585 585 1671; x_wconf 81' lang='lat' dir='ltr'>velit,</span> <span class='ocrx_word' id='word_1_74' title='bbox 608 1586 736 1652; x_wconf 91' lang='lat' dir='ltr'>nullum</span> <span class='ocrx_word' id='word_1_75' title='bbox 759 1593 867 1652; x_wconf 88' lang='lat' dir='ltr'>tamen</span> <span class='ocrx_word' id='word_1_76' title='bbox 890 1607 932 1650; x_wconf 90' lang='lat' dir='ltr'>ex</span> <span class='ocrx_word' id='word_1_77' title='bbox 946 1607 1032 1650; x_wconf 92' lang='lat' dir='ltr'>earc</span> <span class='ocrx_word' id='word_1_78' title='bbox 1047 1587 1146 1651; x_wconf 86' lang='lat' dir='ltr'>totius</span> <span class='ocrx_word' id='word_1_79' title='bbox 1161 1587 1269 1676; x_wconf 92' lang='lat' dir='ltr'>operis</span> 
     </span>
     <span class='ocr_line' id='line_1_11' title="bbox 171 1693 1270 1782; baseline -0.001 -22"><span class='ocrx_word' id='word_1_80' title='bbox 171 1695 377 1782; x_wconf 90' lang='lat' dir='ltr'>inscriptioni</span> <span class='ocrx_word' id='word_1_81' title='bbox 398 1695 539 1760; x_wconf 90' lang='lat' dir='ltr'>fulcrum</span> <span class='ocrx_word' id='word_1_82' title='bbox 561 1695 697 1779; x_wconf 84' lang='lat' dir='ltr'>adferet,</span> <span class='ocrx_word' id='word_1_83' title='bbox 718 1717 761 1759; x_wconf 89' lang='grc'>111</span> <span class='ocrx_word' id='word_1_84' title='bbox 782 1694 943 1760; x_wconf 90' lang='lat' dir='ltr'>contrario</span> <span class='ocrx_word' id='word_1_85' title='bbox 960 1694 1066 1780; x_wconf 90' lang='lat' dir='ltr'>magis</span> <span class='ocrx_word' id='word_1_86' title='bbox 1085 1693 1181 1759; x_wconf 87' lang='lat' dir='ltr'>etiam</span> <span class='ocrx_word' id='word_1_87' title='bbox 1198 1717 1270 1759; x_wconf 89' lang='lat' dir='ltr'>cam</span> 
     </span>
     <span class='ocr_line' id='line_1_12' title="bbox 174 1803 1271 1890; baseline 0.001 -22"><span class='ocrx_word' id='word_1_88' title='bbox 174 1803 365 1870; x_wconf 85' lang='lat' dir='ltr'>debilitabit.</span> <span class='ocrx_word' id='word_1_89' title='bbox 401 1805 474 1869; x_wconf 91' lang='lat' dir='ltr'>Iam</span> <span class='ocrx_word' id='word_1_90' title='bbox 496 1804 598 1890; x_wconf 89' lang='lat' dir='ltr'>igitur</span> <span class='ocrx_word' id='word_1_91' title='bbox 620 1811 744 1868; x_wconf 89' lang='lat' dir='ltr'>certum</span> <span class='ocrx_word' id='word_1_92' title='bbox 765 1811 815 1869; x_wconf 88' lang='grc'>111</span> <span class='ocrx_word' id='word_1_93' title='bbox 835 1803 958 1868; x_wconf 90' lang='lat' dir='ltr'>nullam</span> <span class='ocrx_word' id='word_1_94' title='bbox 981 1823 1052 1868; x_wconf 89' lang='lat' dir='ltr'>esse</span> <span class='ocrx_word' id='word_1_95' title='bbox 1070 1825 1199 1869; x_wconf 88' lang='lat' dir='ltr'>causam</span> <span class='ocrx_word' id='word_1_96' title='bbox 1214 1827 1271 1869; x_wconf 89' lang='lat' dir='ltr'>cur</span> 
     </span>
     <span class='ocr_line' id='line_1_13' title="bbox 172 1911 1270 2001; baseline 0.001 -23"><span class='ocrx_word' id='word_1_97' title='bbox 172 1913 269 1978; x_wconf 91' lang='lat' dir='ltr'>huius</span> <span class='ocrx_word' id='word_1_98' title='bbox 291 1913 405 2000; x_wconf 89' lang='lat' dir='ltr'>capitis</span> <span class='ocrx_word' id='word_1_99' title='bbox 428 1934 499 1977; x_wconf 87' lang='lat' dir='ltr'>eam</span> <span class='ocrx_word' id='word_1_100' title='bbox 520 1921 645 2001; x_wconf 89' lang='lat' dir='ltr'>partem</span> <span class='ocrx_word' id='word_1_101' title='bbox 666 1933 748 1997; x_wconf 91' lang='lat' dir='ltr'>quae</span> <span class='ocrx_word' id='word_1_102' title='bbox 769 1911 938 1977; x_wconf 87' lang='lat' dir='ltr'>doctrinae</span> <span class='ocrx_word' id='word_1_103' title='bbox 955 1912 1112 1977; x_wconf 89' lang='lat' dir='ltr'>maiorem</span> <span class='ocrx_word' id='word_1_104' title='bbox 1127 1913 1270 2001; x_wconf 89' lang='lat' dir='ltr'>speciem</span> 
     </span>
     <span class='ocr_line' id='line_1_14' title="bbox 172 2020 1271 2108; baseline 0.001 -22"><span class='ocrx_word' id='word_1_105' title='bbox 172 2022 271 2086; x_wconf 88' lang='lat' dir='ltr'>habet</span> <span class='ocrx_word' id='word_1_106' title='bbox 292 2023 401 2087; x_wconf 92' lang='lat' dir='ltr'>Probo</span> <span class='ocrx_word' id='word_1_107' title='bbox 421 2021 607 2087; x_wconf 83' lang='lat' dir='ltr'>tribuamus.</span> <span class='ocrx_word' id='word_1_108' title='bbox 652 2020 719 2088; x_wconf 82' lang='lat' dir='ltr'>Sed</span> <span class='ocrx_word' id='word_1_109' title='bbox 742 2021 887 2108; x_wconf 91' lang='lat' dir='ltr'>priorem</span> <span class='ocrx_word' id='word_1_110' title='bbox 916 2042 1044 2104; x_wconf 88' lang='lat' dir='ltr'>quoque</span> <span class='ocrx_word' id='word_1_111' title='bbox 1065 2029 1192 2108; x_wconf 91' lang='lat' dir='ltr'>partem</span> <span class='ocrx_word' id='word_1_112' title='bbox 1215 2021 1271 2107; x_wconf 90' lang='lat' dir='ltr'>qui</span> 
     </span>
     <span class='ocr_line' id='line_1_15' title="bbox 173 2129 1272 2218; baseline -0.002 -22"><span class='ocrx_word' id='word_1_113' title='bbox 173 2129 312 2218; x_wconf 85' lang='lat' dir='ltr'>scripsit,</span> <span class='ocrx_word' id='word_1_114' title='bbox 336 2153 412 2195; x_wconf 90' lang='lat' dir='ltr'>cum</span> <span class='ocrx_word' id='word_1_115' title='bbox 433 2151 546 2194; x_wconf 77' lang='lat' dir='ltr'>veram</span> <span class='ocrx_word' id='word_1_116' title='bbox 558 2129 689 2216; x_wconf 83' lang='lat' dir='ltr'>Vergili</span> <span class='ocrx_word' id='word_1_117' title='bbox 710 2129 904 2195; x_wconf 87' lang='lat' dir='ltr'>sententiam</span> <span class='ocrx_word' id='word_1_118' title='bbox 925 2152 992 2194; x_wconf 93' lang='lat' dir='ltr'>non</span> <span class='ocrx_word' id='word_1_119' title='bbox 1015 2129 1218 2195; x_wconf 87' lang='lat' dir='ltr'>intellexerit</span> <span class='ocrx_word' id='word_1_120' title='bbox 1230 2167 1272 2180; x_wconf 88' lang='lat'><em>-</em></span> 
     </span>
     <span class='ocr_line' id='line_1_16' title="bbox 174 2237 1270 2327; baseline 0.002 -25"><span class='ocrx_word' id='word_1_121' title='bbox 174 2239 202 2304; x_wconf 91' lang='lat' dir='ltr'>is</span> <span class='ocrx_word' id='word_1_122' title='bbox 228 2238 314 2304; x_wconf 91' lang='lat' dir='ltr'>enim</span> <span class='ocrx_word' id='word_1_123' title='bbox 338 2261 405 2304; x_wconf 89' lang='lat' dir='ltr'>non</span> <span class='ocrx_word' id='word_1_124' title='bbox 426 2247 590 2304; x_wconf 89' lang='lat' dir='ltr'>errantem</span> <span class='ocrx_word' id='word_1_125' title='bbox 611 2237 736 2303; x_wconf 86' lang='lat' dir='ltr'>inducit</span> <span class='ocrx_word' id='word_1_126' title='bbox 759 2238 915 2303; x_wconf 89' lang='lat' dir='ltr'>rusticum</span> <span class='ocrx_word' id='word_1_127' title='bbox 937 2237 994 2303; x_wconf 91' lang='lat' dir='ltr'>sed</span> <span class='ocrx_word' id='word_1_128' title='bbox 1017 2239 1134 2327; x_wconf 92' lang='lat' dir='ltr'>pocula</span> <span class='ocrx_word' id='word_1_129' title='bbox 1148 2238 1270 2304; x_wconf 82' lang='lat' dir='ltr'>descri-</span> 
     </span>
     <span class='ocr_line' id='line_1_17' title="bbox 173 2345 1271 2434; baseline -0.001 -21"><span class='ocrx_word' id='word_1_130' title='bbox 173 2347 305 2413; x_wconf 89' lang='lat' dir='ltr'>bentem</span> <span class='ocrx_word' id='word_1_131' title='bbox 331 2345 456 2412; x_wconf 87' lang='lat' dir='ltr'>duabus</span> <span class='ocrx_word' id='word_1_132' title='bbox 478 2355 604 2412; x_wconf 87' lang='lat' dir='ltr'>tantum</span> <span class='ocrx_word' id='word_1_133' title='bbox 625 2347 822 2434; x_wconf 85' lang='lat' dir='ltr'>imaginibus</span> <span class='ocrx_word' id='word_1_134' title='bbox 847 2356 1001 2413; x_wconf 89' lang='lat' dir='ltr'>exornata</span> <span class='ocrx_word' id='word_1_135' title='bbox 1026 2347 1070 2411; x_wconf 87' lang='lat' dir='ltr'>ita</span> <span class='ocrx_word' id='word_1_136' title='bbox 1101 2355 1138 2412; x_wconf 91' lang='lat' dir='ltr'>ut</span> <span class='ocrx_word' id='word_1_137' title='bbox 1169 2348 1271 2431; x_wconf 80' lang='lat' dir='ltr'>„Quis</span> 
     </span>
     <span class='ocr_line' id='line_1_18' title="bbox 173 2449 1327 2544; baseline -0.002 -24"><span class='ocrx_word' id='word_1_138' title='bbox 173 2456 254 2521; x_wconf 88' lang='lat' dir='ltr'>alius</span> <span class='ocrx_word' id='word_1_139' title='bbox 276 2455 394 2521; x_wconf 84' lang='lat' dir='ltr'>fuerit“</span> <span class='ocrx_word' id='word_1_140' title='bbox 426 2475 467 2520; x_wconf 91' lang='lat' dir='ltr'>ne</span> <span class='ocrx_word' id='word_1_141' title='bbox 489 2465 578 2519; x_wconf 89' lang='lat' dir='ltr'>recte</span> <span class='ocrx_word' id='word_1_142' title='bbox 601 2455 733 2540; x_wconf 91' lang='lat' dir='ltr'>quidem</span> <span class='ocrx_word' id='word_1_143' title='bbox 756 2456 821 2520; x_wconf 92' lang='lat' dir='ltr'>dici</span> <span class='ocrx_word' id='word_1_144' title='bbox 845 2457 987 2544; x_wconf 90' lang='lat' dir='ltr'>potuerit</span> <span class='ocrx_word' id='word_1_145' title='bbox 1007 2493 1050 2506; x_wconf 82' lang='lat'>—-</span> <span class='ocrx_word' id='word_1_146' title='bbox 1072 2458 1111 2522; x_wconf 91' lang='lat' dir='ltr'>ab</span> <span class='ocrx_word' id='word_1_147' title='bbox 1140 2455 1208 2521; x_wconf 90' lang='lat' dir='ltr'>acri</span> <span class='ocrx_word' id='word_1_148' title='bbox 1240 2463 1272 2519; x_wconf 90' lang='lat' dir='ltr'>et</span> <span class='ocrx_word' id='word_1_149' title='bbox 1324 2449 1327 2458; x_wconf 80' lang='grc'><strong>’</strong></span> 
     </span>
     <span class='ocr_line' id='line_1_19' title="bbox 173 2562 1271 2652; baseline 0 -24"><span class='ocrx_word' id='word_1_150' title='bbox 173 2563 326 2652; x_wconf 90' lang='lat' dir='ltr'>prudenti</span> <span class='ocrx_word' id='word_1_151' title='bbox 348 2563 449 2629; x_wconf 92' lang='lat' dir='ltr'>Probi</span> <span class='ocrx_word' id='word_1_152' title='bbox 471 2562 559 2629; x_wconf 92' lang='lat' dir='ltr'>illius</span> <span class='ocrx_word' id='word_1_153' title='bbox 581 2562 702 2629; x_wconf 88' lang='lat' dir='ltr'>iudicio</span> <span class='ocrx_word' id='word_1_154' title='bbox 725 2563 851 2630; x_wconf 89' lang='lat' dir='ltr'>alienus</span> <span class='ocrx_word' id='word_1_155' title='bbox 878 2565 958 2629; x_wconf 90' lang='lat' dir='ltr'>mihi</span> <span class='ocrx_word' id='word_1_156' title='bbox 979 2586 1049 2630; x_wconf 87' lang='lat' dir='ltr'>esse</span> <span class='ocrx_word' id='word_1_157' title='bbox 1071 2563 1209 2629; x_wconf 90' lang='lat' dir='ltr'>videtur.</span> <span class='ocrx_word' id='word_1_158' title='bbox 1231 2599 1271 2611; x_wconf 88' lang='lat'><em>-</em></span> 
     </span>
     <span class='ocr_line' id='line_1_20' title="bbox 173 2671 1329 2751; baseline -0.003 -13"><span class='ocrx_word' id='word_1_159' title='bbox 173 2672 284 2738; x_wconf 89' lang='lat' dir='ltr'>Aliam</span> <span class='ocrx_word' id='word_1_160' title='bbox 301 2671 461 2738; x_wconf 85' lang='lat' dir='ltr'>eiusmodi</span> <span class='ocrx_word' id='word_1_161' title='bbox 479 2671 792 2738; x_wconf 85' lang='lat' dir='ltr'>consarcinationem</span> <span class='ocrx_word' id='word_1_162' title='bbox 812 2673 996 2751; x_wconf 83' lang='lat' dir='ltr'>invenimus</span> <span class='ocrx_word' id='word_1_163' title='bbox 1016 2673 1051 2738; x_wconf 92' lang='lat' dir='ltr'>in</span> <span class='ocrx_word' id='word_1_164' title='bbox 1065 2671 1269 2738; x_wconf 85' lang='lat' dir='ltr'>enarratione</span> <span class='ocrx_word' id='word_1_165' title='bbox 1326 2725 1329 2746; x_wconf 78' lang='grc'>,</span> 
     </span>
     <span class='ocr_line' id='line_1_21' title="bbox 172 2780 1271 2870; baseline 0.002 -27"><span class='ocrx_word' id='word_1_166' title='bbox 172 2801 286 2847; x_wconf 87' lang='grc'><strong>111111</strong></span> <span class='ocrx_word' id='word_1_167' title='bbox 311 2780 436 2868; x_wconf 82' lang='lat' dir='ltr'>Georg.</span> <span class='ocrx_word' id='word_1_168' title='bbox 460 2781 478 2846; x_wconf 95' lang='lat' dir='ltr'>I</span> <span class='ocrx_word' id='word_1_169' title='bbox 499 2781 562 2846; x_wconf 81' lang='lat'>244</span> <span class='ocrx_word' id='word_1_170' title='bbox 584 2803 667 2866; x_wconf 88' lang='lat' dir='ltr'>quae</span> <span class='ocrx_word' id='word_1_171' title='bbox 689 2782 821 2870; x_wconf 83' lang='lat' dir='ltr'>longior</span> <span class='ocrx_word' id='word_1_172' title='bbox 844 2791 893 2847; x_wconf 89' lang='lat' dir='ltr'>est</span> <span class='ocrx_word' id='word_1_173' title='bbox 917 2804 1013 2867; x_wconf 88' lang='lat' dir='ltr'>quam</span> <span class='ocrx_word' id='word_1_174' title='bbox 1035 2803 1117 2868; x_wconf 91' lang='lat' dir='ltr'>quae</span> <span class='ocrx_word' id='word_1_175' title='bbox 1139 2781 1193 2846; x_wconf 90' lang='lat' dir='ltr'>hic</span> <span class='ocrx_word' id='word_1_176' title='bbox 1215 2780 1271 2845; x_wconf 94' lang='lat' dir='ltr'>de-</span> 
     </span>
     <span class='ocr_line' id='line_1_22' title="bbox 177 2890 1273 2980; baseline 0.001 -25"><span class='ocrx_word' id='word_1_177' title='bbox 177 2890 346 2958; x_wconf 85' lang='lat' dir='ltr'>scribatur.</span> <span class='ocrx_word' id='word_1_178' title='bbox 381 2891 434 2957; x_wconf 91' lang='lat' dir='ltr'>Ibi</span> <span class='ocrx_word' id='word_1_179' title='bbox 459 2911 587 2976; x_wconf 88' lang='lat' dir='ltr'>quoque</span> <span class='ocrx_word' id='word_1_180' title='bbox 607 2913 676 2956; x_wconf 90' lang='lat' dir='ltr'>non</span> <span class='ocrx_word' id='word_1_181' title='bbox 694 2892 832 2956; x_wconf 89' lang='lat' dir='ltr'>multum</span> <span class='ocrx_word' id='word_1_182' title='bbox 854 2900 928 2980; x_wconf 90' lang='lat' dir='ltr'>post</span> <span class='ocrx_word' id='word_1_183' title='bbox 950 2891 1080 2956; x_wconf 89' lang='lat' dir='ltr'>initium</span> <span class='ocrx_word' id='word_1_184' title='bbox 1101 2891 1202 2956; x_wconf 87' lang='lat' dir='ltr'>verba</span> <span class='ocrx_word' id='word_1_185' title='bbox 1226 2912 1273 2956; x_wconf 89' lang='lat' dir='ltr'>se-</span> 
     </span>
     <span class='ocr_line' id='line_1_23' title="bbox 177 2998 1272 3086; baseline 0 -22"><span class='ocrx_word' id='word_1_186' title='bbox 177 3009 320 3084; x_wconf 86' lang='lat' dir='ltr'>quuntur</span> <span class='ocrx_word' id='word_1_187' title='bbox 347 3001 408 3083; x_wconf 79' lang='lat' dir='ltr'>„Iu</span> <span class='ocrx_word' id='word_1_188' title='bbox 430 2999 494 3066; x_wconf 89' lang='lat' dir='ltr'>alio</span> <span class='ocrx_word' id='word_1_189' title='bbox 523 3000 588 3064; x_wconf 82' lang='lat' dir='ltr'>sic“</span> <span class='ocrx_word' id='word_1_190' title='bbox 618 2999 733 3085; x_wconf 91' lang='lat' dir='ltr'>quibus</span> <span class='ocrx_word' id='word_1_191' title='bbox 755 2999 921 3065; x_wconf 89' lang='lat' dir='ltr'>inducitur</span> <span class='ocrx_word' id='word_1_192' title='bbox 941 2998 1134 3086; x_wconf 90' lang='lat' dir='ltr'>longissima</span> <span class='ocrx_word' id='word_1_193' title='bbox 1154 2999 1272 3066; x_wconf 90' lang='lat' dir='ltr'>disser-</span> 
     </span>
     <span class='ocr_line' id='line_1_24' title="bbox 176 3106 1274 3195; baseline 0 -23"><span class='ocrx_word' id='word_1_194' title='bbox 176 3107 255 3173; x_wconf 89' lang='lat' dir='ltr'>tatio</span> <span class='ocrx_word' id='word_1_195' title='bbox 279 3131 346 3174; x_wconf 90' lang='lat' dir='ltr'>non</span> <span class='ocrx_word' id='word_1_196' title='bbox 366 3108 626 3174; x_wconf 85' lang='lat' dir='ltr'>contemnendae</span> <span class='ocrx_word' id='word_1_197' title='bbox 647 3107 814 3174; x_wconf 87' lang='lat' dir='ltr'>doctrinae</span> <span class='ocrx_word' id='word_1_198' title='bbox 834 3107 875 3174; x_wconf 91' lang='lat' dir='ltr'>de</span> <span class='ocrx_word' id='word_1_199' title='bbox 897 3106 1039 3195; x_wconf 91' lang='lat' dir='ltr'>quinque</span> <span class='ocrx_word' id='word_1_200' title='bbox 1054 3108 1156 3193; x_wconf 83' lang='lat' dir='ltr'>zonis,</span> <span class='ocrx_word' id='word_1_201' title='bbox 1178 3129 1274 3193; x_wconf 91' lang='lat' dir='ltr'>quam</span> 
     </span>
     <span class='ocr_line' id='line_1_25' title="bbox 178 3215 1275 3306; baseline 0 -24"><span class='ocrx_word' id='word_1_202' title='bbox 178 3217 295 3282; x_wconf 89' lang='lat' dir='ltr'>eodem</span> <span class='ocrx_word' id='word_1_203' title='bbox 317 3218 413 3283; x_wconf 91' lang='lat' dir='ltr'>modo</span> <span class='ocrx_word' id='word_1_204' title='bbox 436 3239 500 3302; x_wconf 92' lang='lat' dir='ltr'>quo</span> <span class='ocrx_word' id='word_1_205' title='bbox 521 3241 618 3306; x_wconf 87' lang='lat' dir='ltr'>supra</span> <span class='ocrx_word' id='word_1_206' title='bbox 636 3219 740 3282; x_wconf 81' lang='lat' dir='ltr'>verba</span> <span class='ocrx_word' id='word_1_207' title='bbox 768 3216 822 3301; x_wconf 74' lang='lat' dir='ltr'>„in</span> <span class='ocrx_word' id='word_1_208' title='bbox 843 3216 926 3282; x_wconf 83' lang='lat' dir='ltr'>alio“</span> <span class='ocrx_word' id='word_1_209' title='bbox 956 3241 974 3282; x_wconf 91' lang='lat' dir='ltr'>a</span> <span class='ocrx_word' id='word_1_210' title='bbox 997 3215 1106 3282; x_wconf 91' lang='lat' dir='ltr'>Probo</span> <span class='ocrx_word' id='word_1_211' title='bbox 1135 3217 1275 3282; x_wconf 88' lang='lat' dir='ltr'>alienam</span> 
     </span>
     <span class='ocr_line' id='line_1_26' title="bbox 177 3325 1275 3414; baseline -0.001 -22"><span class='ocrx_word' id='word_1_212' title='bbox 177 3347 249 3392; x_wconf 88' lang='grc'><strong>1111</strong></span> <span class='ocrx_word' id='word_1_213' title='bbox 262 3326 447 3392; x_wconf 89' lang='lat' dir='ltr'>ostendunt.</span> <span class='ocrx_word' id='word_1_214' title='bbox 477 3325 633 3413; x_wconf 87' lang='lat' dir='ltr'>Magnam</span> <span class='ocrx_word' id='word_1_215' title='bbox 657 3326 726 3392; x_wconf 88' lang='lat' dir='ltr'>eius</span> <span class='ocrx_word' id='word_1_216' title='bbox 747 3336 874 3413; x_wconf 86' lang='lat' dir='ltr'>partem</span> <span class='ocrx_word' id='word_1_217' title='bbox 897 3327 1016 3391; x_wconf 91' lang='lat' dir='ltr'>iterum</span> <span class='ocrx_word' id='word_1_218' title='bbox 1028 3325 1170 3412; x_wconf 92' lang='lat' dir='ltr'>legimus</span> <span class='ocrx_word' id='word_1_219' title='bbox 1189 3326 1275 3414; x_wconf 89' lang='lat' dir='ltr'>apud</span> 
     </span>
     <span class='ocr_line' id='line_1_27' title="bbox 177 3431 1277 3520; baseline -0.001 -20"><span class='ocrx_word' id='word_1_220' title='bbox 177 3433 342 3500; x_wconf 87' lang='lat' dir='ltr'>Isidorum</span> <span class='ocrx_word' id='word_1_221' title='bbox 355 3433 396 3499; x_wconf 90' lang='lat' dir='ltr'>de</span> <span class='ocrx_word' id='word_1_222' title='bbox 407 3442 472 3498; x_wconf 90' lang='lat' dir='ltr'>nat.</span> <span class='ocrx_word' id='word_1_223' title='bbox 484 3454 548 3499; x_wconf 90' lang='lat' dir='ltr'>rer.</span> <span class='ocrx_word' id='word_1_224' title='bbox 561 3456 589 3497; x_wconf 92' lang='lat' dir='ltr'>c.</span> <span class='ocrx_word' id='word_1_225' title='bbox 603 3432 653 3516; x_wconf 89' lang='lat'>10,</span> <span class='ocrx_word' id='word_1_226' title='bbox 673 3454 739 3496; x_wconf 91' lang='lat' dir='ltr'>non</span> <span class='ocrx_word' id='word_1_227' title='bbox 762 3431 894 3518; x_wconf 91' lang='lat' dir='ltr'>quidem</span> <span class='ocrx_word' id='word_1_228' title='bbox 914 3431 993 3520; x_wconf 88' lang='lat' dir='ltr'>ipsis</span> <span class='ocrx_word' id='word_1_229' title='bbox 1005 3431 1114 3498; x_wconf 82' lang='lat' dir='ltr'>verbis</span> <span class='ocrx_word' id='word_1_230' title='bbox 1128 3455 1202 3498; x_wconf 92' lang='lat' dir='ltr'>cum</span> <span class='ocrx_word' id='word_1_231' title='bbox 1214 3435 1277 3499; x_wconf 90' lang='lat' dir='ltr'>boc</span> 
     </span>
     <span class='ocr_line' id='line_1_28' title="bbox 176 3539 1277 3628; baseline 0.001 -22"><span class='ocrx_word' id='word_1_232' title='bbox 176 3542 249 3608; x_wconf 90' lang='lat' dir='ltr'>loco</span> <span class='ocrx_word' id='word_1_233' title='bbox 262 3551 498 3628; x_wconf 87' lang='lat' dir='ltr'>congruentem</span> <span class='ocrx_word' id='word_1_234' title='bbox 510 3541 569 3607; x_wconf 90' lang='lat' dir='ltr'>sed</span> <span class='ocrx_word' id='word_1_235' title='bbox 579 3551 689 3606; x_wconf 90' lang='lat' dir='ltr'>tamen</span> <span class='ocrx_word' id='word_1_236' title='bbox 699 3539 863 3606; x_wconf 90' lang='lat' dir='ltr'>simillimo</span> <span class='ocrx_word' id='word_1_237' title='bbox 873 3562 984 3606; x_wconf 92' lang='lat' dir='ltr'>rerum</span> <span class='ocrx_word' id='word_1_238' title='bbox 998 3563 1127 3606; x_wconf 88' lang='lat' dir='ltr'>conexu</span> <span class='ocrx_word' id='word_1_239' title='bbox 1137 3542 1277 3607; x_wconf 89' lang='lat' dir='ltr'>eandem</span> 
     </span>
     <span class='ocr_line' id='line_1_29' title="bbox 178 3649 1277 3738; baseline -0.001 -22"><span class='ocrx_word' id='word_1_240' title='bbox 178 3672 274 3736; x_wconf 90' lang='lat' dir='ltr'>quam</span> <span class='ocrx_word' id='word_1_241' title='bbox 308 3651 365 3716; x_wconf 92' lang='lat' dir='ltr'>illa</span> <span class='ocrx_word' id='word_1_242' title='bbox 399 3651 562 3737; x_wconf 86' lang='lat' dir='ltr'>originem</span> <span class='ocrx_word' id='word_1_243' title='bbox 589 3650 815 3716; x_wconf 88' lang='lat' dir='ltr'>ostendentem</span> <span class='ocrx_word' id='word_1_244' title='bbox 847 3649 958 3736; x_wconf 79' lang='lat' dir='ltr'>(etiam</span> <span class='ocrx_word' id='word_1_245' title='bbox 990 3649 1078 3737; x_wconf 89' lang='lat' dir='ltr'>apud</span> <span class='ocrx_word' id='word_1_246' title='bbox 1104 3658 1277 3738; x_wconf 88' lang='lat' dir='ltr'>utrumque</span> 
     </span>
     <span class='ocr_line' id='line_1_30' title="bbox 180 3753 1277 3848; baseline -0.001 -24"><span class='ocrx_word' id='word_1_247' title='bbox 180 3760 324 3848; x_wconf 89' lang='lat' dir='ltr'>quinque</span> <span class='ocrx_word' id='word_1_248' title='bbox 346 3759 460 3824; x_wconf 92' lang='lat' dir='ltr'>mundi</span> <span class='ocrx_word' id='word_1_249' title='bbox 481 3753 582 3826; x_wconf 82' lang='lat' dir='ltr'>zona&#39;e</span> <span class='ocrx_word' id='word_1_250' title='bbox 605 3759 748 3844; x_wconf 91' lang='lat' dir='ltr'>quinque</span> <span class='ocrx_word' id='word_1_251' title='bbox 772 3758 884 3844; x_wconf 91' lang='lat' dir='ltr'>digitis</span> <span class='ocrx_word' id='word_1_252' title='bbox 907 3759 1160 3848; x_wconf 76' lang='lat' dir='ltr'>comparantur).</span> <span class='ocrx_word' id='word_1_253' title='bbox 1184 3761 1277 3842; x_wconf 83' lang='lat' dir='ltr'>Quae</span> 
     </span>
     <span class='ocr_line' id='line_1_31' title="bbox 179 3866 1277 3957; baseline -0.005 -21"><span class='ocrx_word' id='word_1_254' title='bbox 179 3868 299 3936; x_wconf 89' lang='lat' dir='ltr'>Isidori</span> <span class='ocrx_word' id='word_1_255' title='bbox 319 3871 420 3935; x_wconf 87' lang='lat' dir='ltr'>verba</span> <span class='ocrx_word' id='word_1_256' title='bbox 443 3891 515 3936; x_wconf 90' lang='lat' dir='ltr'>cum</span> <span class='ocrx_word' id='word_1_257' title='bbox 538 3889 581 3934; x_wconf 88' lang='lat' dir='ltr'>ex</span> <span class='ocrx_word' id='word_1_258' title='bbox 601 3867 738 3936; x_wconf 83' lang='lat' dir='ltr'>Suetoni</span> <span class='ocrx_word' id='word_1_259' title='bbox 750 3866 856 3932; x_wconf 86' lang='lat' dir='ltr'>Pratis</span> <span class='ocrx_word' id='word_1_260' title='bbox 881 3877 1036 3957; x_wconf 86' lang='lat' dir='ltr'>excerpta</span> <span class='ocrx_word' id='word_1_261' title='bbox 1057 3889 1127 3933; x_wconf 90' lang='lat' dir='ltr'>esse</span> <span class='ocrx_word' id='word_1_262' title='bbox 1139 3866 1277 3935; x_wconf 86' lang='lat' dir='ltr'>Reiffer-</span> 
     </span>
     <span class='ocr_line' id='line_1_32' title="bbox 179 3975 1277 4066; baseline 0.003 -24"><span class='ocrx_word' id='word_1_263' title='bbox 179 3977 344 4043; x_wconf 89' lang='lat' dir='ltr'>scheidius</span> <span class='ocrx_word' id='word_1_264' title='bbox 372 3977 579 4066; x_wconf 90' lang='lat' dir='ltr'>perspexerit</span> <span class='ocrx_word' id='word_1_265' title='bbox 608 3975 675 4061; x_wconf 82' lang='lat' dir='ltr'>(ed.</span> <span class='ocrx_word' id='word_1_266' title='bbox 698 3976 789 4045; x_wconf 81' lang='lat' dir='ltr'>Suet.</span> <span class='ocrx_word' id='word_1_267' title='bbox 811 4001 844 4064; x_wconf 91' lang='lat' dir='ltr'>p.</span> <span class='ocrx_word' id='word_1_268' title='bbox 870 3975 930 4043; x_wconf 80' lang='lat'>195</span> <span class='ocrx_word' id='word_1_269' title='bbox 942 3999 1011 4063; x_wconf 89' lang='lat' dir='ltr'>sqq.</span> <span class='ocrx_word' id='word_1_270' title='bbox 1034 3977 1096 4043; x_wconf 81' lang='lat'>426</span> <span class='ocrx_word' id='word_1_271' title='bbox 1108 3980 1204 4064; x_wconf 85' lang='lat' dir='ltr'>sqq.)‚</span> <span class='ocrx_word' id='word_1_272' title='bbox 1235 3999 1277 4046; x_wconf 86' lang='lat' dir='ltr'>ex</span> 
     </span>
     <span class='ocr_line' id='line_1_33' title="bbox 180 4085 1279 4176; baseline 0 -24"><span class='ocrx_word' id='word_1_273' title='bbox 180 4086 306 4152; x_wconf 87' lang='lat' dir='ltr'>eisdem</span> <span class='ocrx_word' id='word_1_274' title='bbox 331 4086 468 4155; x_wconf 83' lang='lat' dir='ltr'>Suetoni</span> <span class='ocrx_word' id='word_1_275' title='bbox 489 4085 615 4152; x_wconf 89' lang='lat' dir='ltr'>scriniis</span> <span class='ocrx_word' id='word_1_276' title='bbox 638 4109 657 4150; x_wconf 90' lang='grc'>1</span> <span class='ocrx_word' id='word_1_277' title='bbox 677 4085 889 4172; x_wconf 87' lang='lat' dir='ltr'>grammatico</span> <span class='ocrx_word' id='word_1_278' title='bbox 912 4096 1023 4151; x_wconf 90' lang='lat' dir='ltr'>nostro</span> <span class='ocrx_word' id='word_1_279' title='bbox 1051 4085 1279 4176; x_wconf 85' lang='lat' dir='ltr'>depromptam</span> 
     </span>
     <span class='ocr_line' id='line_1_34' title="bbox 181 4194 1277 4284; baseline 0.001 -24"><span class='ocrx_word' id='word_1_280' title='bbox 181 4217 252 4262; x_wconf 89' lang='grc'><strong>1111</strong></span> <span class='ocrx_word' id='word_1_281' title='bbox 275 4195 526 4284; x_wconf 86' lang='lat' dir='ltr'>disputationem</span> <span class='ocrx_word' id='word_1_282' title='bbox 544 4194 723 4265; x_wconf 79' lang='lat' dir='ltr'>verisimile</span> <span class='ocrx_word' id='word_1_283' title='bbox 742 4194 881 4260; x_wconf 87' lang='lat' dir='ltr'>videtur.</span> <span class='ocrx_word' id='word_1_284' title='bbox 894 4194 1101 4280; x_wconf 82' lang='lat' dir='ltr'>-Denique</span> <span class='ocrx_word' id='word_1_285' title='bbox 1122 4195 1156 4260; x_wconf 93' lang='lat' dir='ltr'>in</span> <span class='ocrx_word' id='word_1_286' title='bbox 1168 4195 1277 4262; x_wconf 90' lang='lat' dir='ltr'>adnot.</span> 
     </span>
    </p>
   </div>
   <div class='ocr_carea' id='block_1_3' title="bbox 180 4302 1277 4392">
    <p class='ocr_par' dir='ltr' id='par_1_3' title="bbox 180 4302 1277 4392">
     <span class='ocr_line' id='line_1_35' title="bbox 180 4302 1277 4392; baseline 0.002 -24"><span class='ocrx_word' id='word_1_287' title='bbox 180 4303 221 4368; x_wconf 89' lang='lat' dir='ltr'>ad</span> <span class='ocrx_word' id='word_1_288' title='bbox 242 4302 368 4392; x_wconf 85' lang='lat' dir='ltr'>Georg.</span> <span class='ocrx_word' id='word_1_289' title='bbox 390 4304 486 4370; x_wconf 78' lang='lat'><strong>1137</strong></span> <span class='ocrx_word' id='word_1_290' title='bbox 507 4325 588 4370; x_wconf 86' lang='grc'><strong>1111</strong></span> <span class='ocrx_word' id='word_1_291' title='bbox 613 4303 783 4386; x_wconf 79' lang='lat' dir='ltr'>„Aliter:“</span> <span class='ocrx_word' id='word_1_292' title='bbox 815 4304 1043 4370; x_wconf 85' lang='lat' dir='ltr'>commentatio</span> <span class='ocrx_word' id='word_1_293' title='bbox 1065 4303 1147 4370; x_wconf 89' lang='lat' dir='ltr'>alius</span> <span class='ocrx_word' id='word_1_294' title='bbox 1170 4327 1277 4391; x_wconf 87' lang='lat' dir='ltr'>gram·</span> 
     </span>
    </p>
   </div>
   <div class='ocr_carea' id='block_1_4' title="bbox 178 4401 1136 4584">
    <p class='ocr_par' dir='ltr' id='par_1_4' title="bbox 178 4401 1136 4584">
     <span class='ocr_line' id='line_1_36' title="bbox 178 4401 1136 4504; baseline -0.001 -24"><span class='ocrx_word' id='word_1_295' title='bbox 178 4411 285 4480; x_wconf 89' lang='lat' dir='ltr'>matici</span> <span class='ocrx_word' id='word_1_296' title='bbox 307 4413 416 4504; x_wconf 90' lang='lat' dir='ltr'>priora</span> <span class='ocrx_word' id='word_1_297' title='bbox 437 4401 529 4504; x_wconf 70' lang='lat' dir='ltr'>p&#39;arte</span> <span class='ocrx_word' id='word_1_298' title='bbox 550 4413 683 4502; x_wconf 91' lang='lat' dir='ltr'>longior</span> <span class='ocrx_word' id='word_1_299' title='bbox 707 4420 739 4479; x_wconf 90' lang='lat' dir='ltr'>et</span> <span class='ocrx_word' id='word_1_300' title='bbox 759 4412 940 4480; x_wconf 87' lang='lat' dir='ltr'>accuratior</span> <span class='ocrx_word' id='word_1_301' title='bbox 960 4413 1136 4480; x_wconf 89' lang='lat' dir='ltr'>inducitur.</span> 
     </span>
     <span class='ocr_line' id='line_1_37' title="bbox 1066 4527 1083 4584; baseline 0 0"><span class='ocrx_word' id='word_1_302' title='bbox 1066 4527 1083 4584; x_wconf 78' lang='lat'><strong>2</strong></span> 
     </span>
    </p>
   </div>
   <div class='ocr_carea' id='block_1_5' title="bbox 0 0 1623 5260">
    <p class='ocr_par' dir='ltr' id='par_1_5' title="bbox 0 0 1623 5260">
     <span class='ocr_line' id='line_1_38' title="bbox 0 0 1623 5260; baseline 0 0"><span class='ocrx_word' id='word_1_303' title='bbox 0 0 1623 5260; x_wconf 95' lang='lat' dir='ltr'> </span> 
     </span>
    </p>
   </div>
  </div>
 </body>
</html>
