3220 5260
809 507 851 572 24

198 683 204 785 l
280 703 360 780 erat,
389 694 478 760 bello
496 693 597 779 -quod
625 691 786 759 triumviri
815 691 970 759 adversus
999 693 1137 758 Brutum
1168 699 1201 756 et
1228 691 1376 758 Cassium

201 804 208 921 ²,
280 825 414 893 gessere
436 785 642 892 Philippensi
663 823 774 891 pugna
798 802 958 885 coniecto,
988 801 1046 866 sed
1070 823 1181 866 errore
1205 799 1377 866 duodecim

200 924 207 998 1
281 938 441 982 annorum
473 925 548 1003 post
568 915 739 981 Actiacam
762 913 933 980 Octaviani
965 911 1005 976 de
1028 911 1172 976 Antonio
1196 907 1376 974 victoriam.

281 1024 387 1092 Maior
426 1024 523 1088 etiam
553 1034 737 1113 temporum
771 1021 971 1110 perturbatio
1007 1018 1263 1106 deprehenditur
1291 1041 1323 1104 p.
1342 1017 1376 1080 1:

282 1156 377 1216 ,cum
397 1133 461 1196 iam
482 1133 615 1198 summis
641 1132 846 1220 eloquentiae
867 1129 1054 1196 doctoribus
1076 1137 1217 1213 vacaret,
1240 1126 1275 1190 in
1297 1125 1378 1190 belli

281 1241 386 1308 civilis
400 1251 549 1328 tempora
564 1240 678 1306 incidit
701 1241 788 1325 quod
805 1238 976 1325 Augustus
999 1237 1172 1303 adversum
1195 1233 1376 1300 Antonium

282 1350 415 1439 gessit.“
447 1346 516 1414 Sed
534 1358 611 1413 tunc
631 1349 766 1435 triginta
778 1356 904 1433 septem
917 1347 981 1410 iam
1004 1366 1106 1409 annos
1127 1350 1220 1408 natus
1245 1353 1324 1425 erat,
1347 1351 1379 1407 et

282 1480 340 1524 suo
361 1479 494 1544 prorsus
515 1455 620 1520 lubitu
641 1451 902 1534 ὄψιμαθέστατον
923 1453 1010 1518 vitae
1033 1452 1174 1538 scriptor
1193 1450 1380 1537 Vergilium

281 1564 369 1630 facit.
390 1601 428 1612 -
452 1561 582 1662 Deinde
607 1572 716 1628 autem
740 1561 859 1628 certius
891 1560 988 1626 etiam
1012 1559 1228 1624 demonstrari
1250 1558 1381 1646 poterit,

283 1673 404 1737 librum
427 1693 498 1736 esse
521 1672 677 1735 obscurae
700 1669 847 1754 originis,
869 1668 896 1734 si
917 1669 1017 1732 vitam
1040 1677 1185 1734 nostram
1208 1690 1282 1732 cum
1299 1665 1380 1732 Sue-

283 1781 415 1846 toniane
442 1779 685 1844 contulerimus.
730 1779 799 1846 Diu
820 1777 1025 1842 intellectum
1051 1786 1139 1842 estc
1170 1775 1249 1842 viris
1276 1774 1380 1840 doctis

284 1889 318 1953 in
341 1889 462 1954 Donati
487 1888 554 1951 vita
577 1886 770 1973 Vergiliana
791 1885 882 1950 illam
905 1907 977 1952 esse
999 1895 1171 1968 servatam,
1204 1883 1292 1972 quod
1322 1905 1379 1948 no-

283 1997 417 2062 vissime
440 1995 631 2062 Reiffersch.
653 1992 760 2080 (Suet.
773 2019 804 2082 p.
815 1993 892 2078 401)
925 2017 1120 2082 quamquem
1139 2017 1206 2059 non
1230 1992 1317 2057 omni
1339 2013 1381 2058 ex

284 2114 378 2194 parte
401 2103 572 2168 confirmat
584 2102 620 2188 1).
660 2101 834 2172 Suetonius
859 2102 994 2168 veroin
1015 2102 1091 2168 vitis
1112 2111 1281 2188 poetarum
1304 2122 1381 2166 con·

285 2212 476 2296 scribendis,
495 2233 558 2296 qua
569 2221 639 2276 erat
657 2211 837 2298 diligentia,
855 2212 1035 2296 omnesqui
1053 2211 1094 2274 de
1110 2211 1224 2275 eadem
1240 2232 1277 2276 re
1289 2218 1382 2276 antea

285 2321 494 2408 scripserant,
516 2319 665 2404 vitesque
683 2319 961 2404 etianipoetarum
974 2318 1125 2407 operibus
1137 2318 1275 2384 inlibris
1289 2339 1382 2406 pree·

284 2482 462 2492 ——-·——-—-

358 2585 385 2653 1)
407 2585 490 2640 Hisce
509 2585 601 2641 verbis
620 2541 703 2642 Reiff.
723 2587 826 2646 utitur:
857 2604 942 2657 »quae
961 2605 1024 2642 cum
1043 2588 1083 2642 ita
1102 2587 1165 2654 sint,
1184 2589 1263 2656 petet
1281 2585 1383 2655 opinor

284 2680 371 2734 vitam
401 2679 513 2750 quidem
539 2679 654 2733 Suetoni
677 2696 728 2733 nos
757 2681 860 2734 habere
893 2681 943 2734 sed
968 2685 1149 2735 retractatam
1174 2680 1251 2734 illam
1280 2677 1384 2733 Donati

285 2792 374 2830 cura«
404 2791 487 2842 quom
513 2775 680 2828 sententiam
709 2775 790 2828 doleo
808 2792 865 2829 non
883 2776 971 2829 fusius
996 2778 1031 2830 ab
1056 2794 1089 2830 ec
1119 2776 1286 2846 explicatum
1312 2793 1382 2830 esse.

284 2869 427 2924 Dictiones
445 2867 547 2921 multas
562 2867 729 2922 Suetoniano
747 2866 811 2922 usui
830 2867 982 2922 simillimas
1001 2869 1031 2922 in
1048 2869 1099 2924 hac
1117 2869 1175 2924 vite
1193 2869 1282 2924 inesse
1301 2868 1322 2922 I.
1335 2868 1382 2930 Fr.

285 2965 440 3020 Gronovius
459 2965 664 3019 animadvertit.
691 2964 784 3034 Atque
803 2982 869 3019 sane
890 2969 967 3020 totus
987 2967 1121 3021 sermonis
1141 2967 1218 3021 color
1236 2981 1384 3034 rerumque

284 3064 313 3116 et
331 3061 430 3115 electio
449 3064 478 3114 et
495 3058 564 3112 ordo
582 3057 746 3112 Suetonium
772 3062 919 3128 tantopere
935 3059 1071 3127 redolent,
1100 3064 1131 3112 ut
1149 3059 1280 3127 quidnam
1299 3058 1384 3112 fuerit

284 3157 387 3210 Donati
401 3155 470 3209 illud
485 3153 658 3209 retractandi
670 3153 801 3220 officium,
818 3153 946 3221 equidem
961 3172 1017 3208 non
1032 3154 1137 3224 possim
1152 3153 1301 3222 cogitando
1311 3171 1384 3207 asse·

285 3252 340 3320 qui.
359 3251 494 3305 Reculsm
505 3268 557 3320 pro
570 3250 669 3319 opibus
685 3249 792 3303 dictum
807 3267 864 3304 uon
882 3249 994 3319 quidem
1011 3250 1141 3305 usitatius
1160 3255 1211 3318 eat,
1232 3249 1385 3304 sedtamen

286 3345 331 3412 (ut
349 3348 457 3396 taceam
474 3343 504 3396 iu
525 3343 686 3397 Ciceronem
705 3361 814 3412 quoque
833 3362 884 3414 pro
905 3343 974 3398 Sest.
990 3345 1099 3412 51,110
1117 3346 1277 3401 coniectura
1288 3363 1304 3400 a
1315 3347 1384 3401 mul-

283 3440 321 3494 tis
346 3439 401 3494 iam
424 3439 536 3494 laudata
559 3441 612 3496 hoc
635 3441 801 3495 vocabulum
830 3457 889 3495 esse
913 3440 1031 3494 inlatum
1055 3440 1088 3494 cf.
1104 3439 1175 3494 Mus.
1194 3441 1282 3496 Rhen.
1298 3440 1383 3508 XVII,

285 3535 398 3604 315sq.)
425 3536 556 3590 Suetonio
574 3535 689 3592 concedi
706 3540 809 3606 potent,
834 3536 1000 3606 praesertim
1029 3553 1091 3589 curn
1109 3536 1222 3590 unicum
1237 3537 1274 3591 sit
1292 3555 1381 3592 exem·

284 3632 362 3701 plum
387 3631 553 3686 elocutionis
579 3648 637 3686 non
660 3633 779 3687 dixerim
812 3633 998 3701 posteriorem
1026 3632 1075 3686 sed
1103 3633 1249 3702 uolgarem
1272 3632 1385 3687 dicendi

284 3743 364 3780 nsum
381 3727 542 3782 redolentis.
573 3727 652 3795 Quod
670 3732 763 3782 autam
780 3728 982 3797 Hieronymum
1000 3728 1029 3782 in
1047 3728 1225 3784 Suetouianis
1242 3729 1383 3798 excerptis

285 3838 341 3874 non
359 3822 441 3892 plane
459 3821 528 3876 dicit
544 3823 707 3878 Reiffersch.
726 3842 787 3878 cum
805 3824 858 3878 hec
876 3824 934 3878 vita
952 3824 1119 3891 consentire,
1139 3824 1207 3878 haec
1223 3823 1384 3892 Hieronymi

284 3917 367 3970 solius
378 3917 459 3986 culpa
469 3921 519 3974 est.
537 3919 603 3974 Vita
612 3921 685 3976 enim
696 3920 764 3976 haec
774 3921 859 3976 habet
870 3923 907 3990 (p.
920 3915 963 3986 (33,
974 3921 991 3974 ὃ
1003 3918 1110 3986 Reuss:
1133 3917 1218 3972 »Ossa
1239 3920 1298 3973 eius
1314 3920 1383 3974 Nea·

284 4013 371 4082 polim
392 4015 529 4069 translata
548 4020 613 4070 sunt
629 4017 791 4085 tumuloque
808 4017 922 4072 condita
940 4015 987 4084 qui
1009 4018 1052 4068 est
1068 4015 1113 4068 via
1130 4014 1283 4069 Puteolana
1309 4015 1384 4068 intra

285 4108 407 4178 lapidem
426 4113 602 4168 secundum«
641 4113 826 4182 Hieronymus
845 4109 1279 4181 sutem(Ghronic.01.190,2):
1300 4108 1384 4164 »Ossa

287 4205 345 4258 eius
364 4205 507 4275 Neapolim
532 4209 669 4262 translata
698 4207 727 4262 iu
751 4205 872 4262 secundo
899 4207 933 4260 ab
958 4206 1027 4260 urbe
1045 4204 1165 4259 miliario
1184 4203 1379 4274 sepeliuntur.‹

287 4299 414 4370 Apparet
431 4302 629 4372 Hieronymum
654 4303 847 4374 neglegentius
876 4301 1002 4357 ›urbem‹
1023 4301 1128 4357 dixisse
1147 4299 1303 4372 Neapolim,
1326 4316 1384 4355 nou

285 4403 419 4466 quaeest
438 4399 550 4468 proprie
571 4399 647 4470 urbs,
664 4399 788 4455 Romam.
