3220 5260
734 535 773 603 15

206 723 267 808 ,In
286 723 350 788 hoo
371 722 466 790 looo“
489 721 534 786 ait
555 720 739 790 Macrobius
762 719 934 802 „Valerius
955 717 1083 784 Probus
1114 715 1166 784 vir
1194 714 1301 802 perid-

205 830 369 896 ctissimus
388 838 480 894 notat
502 827 630 894 nescire
653 847 688 893 se
711 827 795 892 hanc
812 824 980 891 historiam
1000 824 1068 889 sive
1083 823 1224 888 fabulam
1238 825 1302 908 qu'o

204 937 498 1004 referatauctore.“
523 936 607 1002 Inde
617 934 825 1020 consequitur
833 934 937 1022 ips'am
946 933 1089 998 fabulam
1099 952 1182 1020 quae
1193 929 1303 995 adum·

204 1046 320 1112 bratur
340 1045 446 1132 magis
467 1070 487 1111 a
506 1043 658 1130 Vergilio
687 1064 783 1131 quam
805 1051 955 1107 narratur
974 1041 1082 1106 Probo
1107 1061 1174 1104 non
1201 1038 1302 1106 fuisse

205 1163 327 1220 notam.
370 1153 458 1236 Quid
480 1162 590 1218 autem
610 1153 647 1216 in
670 1149 899 1216 commentario
929 1150 984 1237 qui
1004 1148 1104 1213 Probi
1126 1147 1231 1212 fertur
1261 1145 1303 1212 ad

205 1263 293 1327 huno
315 1263 426 1326 locum
446 1259 593 1348 legitur?
618 1261 708 1343 ,Pan
725 1258 870 1326 Mercuri
891 1257 977 1324 filius
996 1279 1070 1322 cum
1081 1256 1209 1324 Lunam
1229 1277 1304 1320 con·

206 1370 350 1456 cupisset
378 1374 410 1434 'et
438 1369 577 1434 haberet
600 1368 758 1456 optimum
786 1389 898 1454 pecus,
924 1376 1080 1454 poscente
1109 1386 1149 1430 ea
1176 1373 1304 1452 partem

205 1479 334 1568 pecoris
358 1500 417 1567 pro
441 1477 615 1543 concubitu
640 1477 758 1542 dicitur
779 1476 944 1564 pollicitus
966 1484 1000 1540 et
1021 1475 1101 1540 duas
1123 1483 1232 1562 partes
1256 1473 1303 1536 ie-

206 1587 291 1653 cisse
314 1607 463 1673 gregem,
486 1607 621 1670 quarum
641 1585 777 1650 alteram
798 1583 1019 1649 candidiorem
1036 1581 1095 1647 sed
1109 1582 1204 1646 lanae
1219 1601 1304 1644 oras·

208 1695 319 1761 aioris:
342 1695 470 1760 Lunam
491 1693 662 1780 deceptam
685 1691 826 1758 candore
848 1691 992 1757 deterius
1012 1712 1112 1778 pecus
1129 1688 1303 1755 abduxisse

207 1812 305 1890 poeta
327 1801 520 1889 significat.“
565 1801 672 1884 Quam
692 1801 860 1866 historiam
879 1800 947 1864 sive
963 1800 997 1866 in
1012 1817 1206 1885 quocunque
1220 1795 1304 1861 libro

207 1912 270 1978 iste
294 1912 440 1999 repperit
451 1910 520 1976 sive
533 1910 620 1995 quod
631 1909 838 1975 verisimilius
860 1917 909 1975 est
929 1909 1000 1996 ipse
1022 1907 1085 1974 sibi
1105 1905 1202 1972 finxit
1225 1905 1305 1990 (non

207 2042 282 2086 raro
314 2020 402 2085 enim
433 2021 528 2085 illum
559 2019 683 2106 speciei
713 2023 839 2083 tantum
871 2017 1063 2083 eruditionis
1095 2022 1305 2104 appetentem

208 2129 293 2196 fictis
317 2150 352 2193 ae
373 2126 611 2193 narrationibus
639 2148 799 2192 exornare
821 2125 906 2192 infra
926 2124 1145 2208 videbimus):
1179 2131 1306 2188 certum

207 2246 257 2302 est
290 2257 366 2301 eum
398 2236 507 2324 specie
539 2236 647 2323 aliqua
679 2234 822 2300 voluisse
850 2233 941 2298 indui
975 2233 1066 2318 quasi
1099 2253 1168 2298 rem
1194 2241 1304 2299 notam

206 2352 344 2428 teneret,
368 2344 456 2432 quod
479 2367 551 2410 cum
573 2343 725 2409 Valerius
745 2343 873 2410 Probus
895 2341 1045 2423 noluerit,
1066 2340 1306 2426 ignorationem

204 2457 242 2516 ut
252 2451 393 2516 vidimus
404 2451 507 2517 libere
520 2453 687 2535 confitens,
696 2451 905 2538 consequitur
917 2449 966 2535 (ut
976 2449 1161 2516 cautissimo
1168 2471 1305 2537 progre-

207 2557 290 2644 diar)
302 2559 387 2624 hano
398 2558 529 2646 quidem
547 2557 787 2624 adnotationem
803 2579 871 2622 non
889 2579 960 2622 esse
971 2557 1010 2622 ab
1025 2579 1064 2623 eo
1077 2556 1304 2644 conscriptam.

291 2667 349 2734 Ad
372 2667 511 2734 alterum
533 2667 598 2732 iam
626 2676 723 2754 caput
744 2665 980 2732 transeundum
1002 2673 1060 2749 est,
1088 2675 1125 2730 ut
1147 2687 1222 2730 cum
1248 2663 1306 2728 illo

120 2797 126 2808 ·
213 2795 277 2863 quo
307 2777 434 2842 Probus
466 2775 549 2841 vixit
578 2784 727 2864 tempore
761 2774 847 2840 hunc
878 2775 1146 2840 commentarium
1175 2771 1308 2837 minime

210 2903 395 2969 congruere
428 2884 653 2949 demonstrare
688 2905 797 2950 coner.
846 2883 1050 2968 Quamquam
1081 2883 1144 2948 hoc
1177 2879 1308 2968 quidem

208 2992 285 3057 nolo
307 3013 468 3079 premere,
488 2991 723 3076 antiquioribus
737 2991 972 3078 interpretibus
989 2989 1111 3078 (neque
1125 2989 1158 3056 id
1173 2987 1308 3056 minime

208 3108 245 3164 ut
260 3121 359 3186 supra
373 3099 516 3164 diximus
528 3099 664 3164 Valerio
677 3098 800 3184 Probo)
824 3120 921 3164 curae
939 3099 1039 3164 fuisse
1059 3108 1095 3164 ut
1114 3103 1308 3168 nen'solum

210 3207 389 3296 ‘scriptores
410 3208 538 3273 curiose
560 3217 593 3272 et
606 3207 782 3294 diligenter
795 3208 1021 3294 explanarent,
1044 3207 1102 3274 sed
1115 3209 1309 3284 etiam'iudi·

209 3316 294 3382 cium
322 3316 362 3381 de
383 3316 522 3402 singulis
543 3315 624 3381 locis
647 3315 795 3381 facerent
817 3315 980 3382 laudando
1006 3316 1061 3381 vel
1080 3339 1146 3382 non
1167 3340 1242 3384 raro
1262 3320 1309 3383 vi-

209 3424 403 3511 tuperando,
425 3432 461 3488 ut
481 3423 544 3488 alia
559 3423 654 3488 nimis
674 3423 829 3508 breviter,
850 3424 935 3488 iusto
952 3424 1115 3512 copiosius
1131 3425 1195 3490 alia
1209 3446 1309 3493 enun-

209 3533 288 3598 tiata
301 3553 383 3616 essa,
405 3541 439 3597 ut
451 3532 486 3598 in
496 3555 557 3598 usu
567 3534 755 3616 verborum,
764 3531 798 3596 in
809 3532 1043 3597 sententiarum
1054 3534 1309 3620 constructione,

208 3639 244 3706 in
265 3641 459 3706 tractatione
479 3663 590 3708 rerum
612 3641 729 3708 melius
750 3640 910 3726 quaedam
932 3641 987 3728 agi
1000 3641 1145 3728 potuisse
1159 3644 1308 3710 ostende·

210 3759 295 3835 rent,
324 3749 416 3815 cuius
444 3749 577 3816 rationis
606 3751 759 3838 exempla
779 3769 823 3816 ex
842 3749 1046 3836 Vergilianis
1070 3751 1309 3817 commentariis

210 3859 313 3947 petita
334 3857 422 3947 apud
445 3858 594 3927 Gellium
613 3857 770 3924 invenies.
812 3857 932 3924 Postea
953 3879 1033 3924 vero
1057 3881 1120 3947 quo
1142 3859 1247 3947 magia
1267 3860 1308 3926 ab

209 3965 340 4032 illorum
364 3976 469 4032 aetate
489 3966 685 4032 recederent
707 3975 739 4030 ct
764 3965 875 4031 vivida
896 3966 1096 4055 antiquitatis
1117 3968 1227 4056 imago
1252 3991 1308 4036 ex·

210 4073 427 4161 tingueretur,
444 4075 690 4161 studiorumque
705 4075 802 4140 simul
817 4085 849 4140 et
862 4075 1028 4142 doctrinae
1043 4056 1126 4143 fines
1139 4079 1310 4165 paullatim

211 4194 466 4268 coarctarentur,
499 4183 577 4250 satis
608 4195 678 4251 erat
709 4184 929 4272 grammaticis
959 4194 996 4250 ut
1025 4185 1121 4252 illum·
1146 4195 1310 4274 tamquam

211 4291 322 4360 divino
336 4292 477 4381 quodam
490 4293 606 4382 spiritu
616 4293 801 4382 praeditum
812 4304 1049 4360 venerarentur
1060 4305 1157 4382 atque
1169 4320 1189 4362 a
1202 4297 1308 4365 libero

212 4401 334 4468 iudicio
349 4423 483 4490 prorsus
499 4401 710 4488 abstinerent,
724 4424 787 4488 qua
801 4402 843 4470 de
858 4426 955 4469 causa
965 4403 1095 4490 Vergili
1106 4405 1309 4490 potissimum
