3220 5260
819 531 863 598 30

291 711 524 778 antea.1450
552 712 690 800 scriptus
715 723 774 797 est,
807 737 825 780 e
851 713 960 782 Gellio
993 718 1143 807 accipere
1178 721 1295 806 potuit.
1350 721 1387 790 si

289 818 391 906 igitur
411 841 465 886 res
485 820 530 886 ita
551 842 586 886 sc
608 821 718 905 habet,
739 832 776 888 ut
797 823 942 890 Probum
962 828 1095 893 nominc
1119 828 1296 914 antiquitus
1319 839 1385 894 tra·

290 926 392 994 ditum
414 929 491 994 libri
512 938 677 994 auctorem
698 939 813 1016 putere
835 931 1006 1019 possimus,
1027 935 1266 1024 simplicissime
1280 939 1385 1004 absol-

289 1046 439 1102 veretur:
474 1038 567 1104 Italis
599 1059 683 1132 saec.
694 1037 761 1104 XV
784 1039 962 1128 philologis
984 1043 1028 1108 M.
1049 1043 1220 1114 Valerium
1243 1069 1304 1112 nos
1331 1046 1385 1110 de·

288 1145 368 1210 bere
392 1145 584 1214 diceremus.
614 1145 735 1214 Contra
756 1148 844 1214 aliud
865 1159 915 1216 est
936 1161 1165 1236 argumentum
1188 1152 1230 1239 (si
1251 1155 1385 1239 quidem

287 1253 322 1318 in
342 1275 379 1318 re
399 1263 463 1318 tam
487 1253 609 1321 incerta
640 1265 869 1340 argumentum
898 1257 963 1322 dici
993 1259 1086 1345 licet)
1120 1283 1159 1328 eo
1193 1262 1316 1328 ducens
1350 1271 1387 1328 ut

287 1362 484 1428 Bobiensem
504 1363 569 1428 iam
590 1362 735 1426 codicem
759 1363 873 1428 Valeri
897 1365 997 1430 Probi
1027 1370 1159 1438 nomine
1190 1381 1384 1438 exornatum

286 1470 386 1536 fuisse
408 1481 567 1558 putemus.
611 1471 650 1536 In
673 1471 823 1556 catalogo
846 1473 933 1538 enim
951 1473 1110 1540 librorum
1128 1478 1211 1544 Bobi
1235 1480 1383 1546 adserva·

286 1587 394 1644 torum
414 1579 539 1650 decimo
562 1581 693 1646 sacculo
713 1591 844 1648 exarato
865 1583 976 1648 inveni
1001 1585 1145 1668 „Valerii
1158 1589 1258 1654 Probi
1283 1591 1384 1656 libros

285 1688 358 1754 Hr‘
372 1690 427 1771 (cf.
439 1689 595 1754 Murator.
606 1689 742 1778 Antiqq.
752 1692 827 1756 Ital.
841 1693 907 1776 HI,
918 1718 950 1781 p.
963 1694 1025 1760 820
1034 1694 1070 1779 d)
1086 1719 1154 1764 non
1164 1698 1274 1764 addito
1286 1699 1384 1766 libro-

285 1820 358 1864 rum
381 1808 584 1884 argumento.
627 1799 719 1865 Libri
745 1800 780 1866 in
808 1802 957 1888 catalogo
989 1803 1046 1868 illo
1075 1827 1134 1892 pro
1163 1807 1382 1872 voluminibus

284 1906 478 1992 plerumque
494 1907 658 1990 dicuntur;
681 1891 819 1995 quorum
840 1932 941 1974 unum
960 1911 1145 1978 etiamnunc
1161 1923 1290 1980 exstare
1303 1923 1382 2000 puto

286 2015 453 2098 „codicem
477 2016 554 2082 olim
580 2017 777 2084 Bobiensem
798 2041 886 2083 nunc
909 2019 1201 2086 Vindobonensem
1225 2023 1263 2086 17
1297 2046 1382 2090 saec.

284 2126 371 2192 VIII
381 2129 435 2192 vel
447 2128 518 2194 ΙΧιι
543 2129 597 2215 qui
620 2130 809 2214 „Valerium
830 2131 976 2196 Probum
999 2133 1039 2196 de
1062 2133 1214 2200 nomine“
1239 2143 1271 2199 et
1281 2135 1380 2200 Probi

284 2236 403 2302 Artem
425 2236 586 2302 minorem
609 2239 753 2304 continet
768 2240 825 2323 (cf.
835 2240 1034 2306 Eichenfeld
1050 2250 1083 2306 et
1093 2241 1273 2308 Endlicher
1283 2244 1380 2308 Anal.

284 2367 422 2431 gramm.
447 2369 479 2434 p.
492 2346 573 2412 VH.
585 2347 660 2432 XI).
704 2349 796 2430 Quae
815 2349 851 2412 in
873 2350 975 2414 altero
994 2349 1159 2416 volumino
1182 2351 1305 2415 fuerint
1326 2373 1381 2416 ex-

284 2455 413 2541 quirere
434 2479 500 2520 non
522 2457 629 2542 potui3
652 2460 919 2524 commentarium
941 2460 1071 2548 quidem
1089 2467 1236 2526 nostrum
1260 2457 1301 2544 (si
1313 2458 1380 2546 qui-

285 2565 359 2632 dem
393 2567 428 2633 in
457 2567 522 2633 illis
552 2567 628 2654 fuit)
661 2591 726 2634 uno
750 2578 876 2636 tantum
898 2569 1103 2655 volumino1)
1132 2568 1315 2636 constitisse
1340 2590 1381 2634 ex

355 2816 381 2882 1)
401 2812 530 2866 Ceterum
553 2811 745 2866 adnotandum
770 2813 883 2868 tandem
908 2817 953 2867 est
976 2813 1116 2883 pleniores
1142 2813 1209 2867 olim
1234 2813 1284 2867 hos
1308 2829 1379 2867 com·

282 2906 433 2962 mentarios
451 2912 483 2962 ut
500 2907 612 2963 videtur
630 2909 756 2975 (sednon
767 2909 796 2978 in
808 2927 858 2964 ms.
870 2909 949 2978 Bob.)
968 2908 1060 2984 irrisae
1098 2907 1179 2976 Quod
1196 2909 1269 2962 enim
1295 2908 1380 2964 schol.

282 3001 416 3060 Barnous.
441 3007 547 3058 saecli
566 3005 602 3058 ad
623 3005 820 3075 Georg.I‚403
839 3005 973 3060 afferunt:
1000 3004 1124 3060 »Noctua
1149 3003 1207 3058 avis
1231 3003 1301 3058 lucis
1318 3021 1381 3072 pro·

281 3084 356 3170 fuga,
375 3101 399 3154 si
417 3098 492 3154 canit
509 3103 575 3170 post
593 3101 659 3154 solis
675 3117 804 3156 oceasum
822 3099 945 3168 pluviam
964 3096 1112 3165 significat.
1148 3097 1256 3148 Probus
1273 3096 1329 3163 ait3
1356 3097 1381 3148 si

282 3194 313 3248 in
329 3196 411 3250 tectis
430 3196 474 3250 vel
491 3195 522 3248 in
540 3197 686 3254 arboribus
710 3199 792 3249 canat
809 3210 880 3259 sero,
899 3192 1078 3246 serenitatem
1097 3189 1250 3261 significat«
1272 3191 1380 3259 (eadem

282 3289 340 3343 fera
367 3289 445 3343 Servi
469 3291 530 3344 cod.
556 3291 604 3358 qui
627 3289 824 3344 BurmannoG
847 3289 958 3358 dicitur,
984 3307 1055 3344 saec.
1080 3289 1187 3355 incert,
1212 3306 1276 3344 oum
1294 3287 1380 3343 Probi

281 3387 393 3442 nomine
407 3387 433 3443 h.
443 3387 460 3440 1.
472 3385 576 3456 habet),
598 3405 630 3442 ea
648 3405 711 3444 cum
730 3387 913 3442 commentari
930 3386 1020 3441 nostri
1038 3385 1131 3440 indole
1149 3388 1297 3454 tantopere
1316 3402 1379 3439 con·

282 3485 395 3552 gruunt,
414 3488 518 3538 utnon
537 3483 662 3538 dubitem
681 3484 717 3538 ad
735 3501 798 3538 eum
815 3485 882 3537 olim
898 3483 1050 3553 pleniorem
1068 3482 1181 3536 referre.
1219 3477 1295 3545 Quae
1314 3497 1379 3534 vero

282 3576 367 3632 schol.
377 3577 458 3632 Bern.
472 3577 508 3630 ad
518 3576 618 3646 Georg.
632 3577 678 3646 IV,
689 3578 742 3633 134
762 3579 797 3631 de
815 3577 954 3631 infinitivo
972 3593 1024 3646 pro
1040 3577 1204 3646 imperfecto
1221 3579 1314 3646 posito
1332 3579 1380 3632 ha·

281 3671 349 3725 bant
359 3670 395 3739 (v.
403 3689 430 3740 p.
439 3671 476 3738 8),
489 3687 521 3723 es
529 3670 586 3724 utri
592 3655 683 3725 Probo
694 3670 849 3726 adscribam
860 3671 959 3725 dubius
970 3671 1085 3727 haesito.
1103 3673 1161 3727 Iam
1170 3673 1253 3728 otiam
1262 3673 1379 3743 Pompo·

279 3767 342 3822 nius
354 3766 471 3822 Sabinus
490 3767 671 3837 proferendus
690 3772 741 3835 est,
759 3785 841 3836 quem
858 3785 920 3823 cum
937 3768 1004 3822 olim
1023 3768 1077 3823 viri
1095 3768 1172 3824 docti
1189 3769 1375 3839 locupletiore

281 3880 364 3932 quam
393 3881 444 3918 nos
469 3864 565 3920 codice
582 3883 665 3920 usum
690 3881 749 3920 esse
775 3865 990 3935 suspicarentur,
1014 3882 1088 3920 nuno
1109 3865 1224 3940 ‚demum
1248 3865 1378 3918 Proboa

280 3955 372 4014 Keilio
388 3963 516 4014 accurate
526 3960 602 4016 edito
618 3960 722 4016 eisdem
739 3977 807 4030 quas
819 3977 870 4016 nus
885 3959 1017 4018 habemus
1029 3959 1116 4028 copiis
1133 3959 1375 4028 circumscriptum

281 4055 366 4110 fuisse
386 4060 509 4126 apparet.
547 4055 602 4110 Sed
624 4056 695 4110 mira
721 4055 858 4109 dubitatio
881 4059 985 4124 manet,
1011 4073 1074 4108 cum
1094 4055 1175 4109 unius
1193 4055 1248 4110 loci
1267 4054 1376 4124 (Pomp.

281 4150 344 4207 Ssb.
363 4152 398 4206 ad
413 4152 513 4222 Georg.
532 4152 578 4220 IV,
588 4153 654 4207 367:
680 4150 754 4218 „Hoc
774 4150 842 4204 dicit
865 4153 898 4204 ut
920 4154 1020 4220 tangat
1039 4150 1195 4220 opinionem
1214 4167 1310 4204 eorum
1329 4149 1378 4218 qui

281 4248 378 4303 dicunt
396 4249 488 4302 omnia
505 4247 619 4302 flumina
636 4247 738 4302 habere
760 4263 844 4300 unam
862 4246 999 4316 originem
1016 4251 1049 4300 ut
1062 4248 1189 4301 meminit
1206 4247 1324 4316 Probus,
1349 4249 1378 4300 et

280 4349 379 4416 postea
399 4345 456 4399 labi
481 4361 533 4415 por
550 4345 628 4399 varia
650 4343 713 4398 loca
731 4346 760 4397 et
778 4343 869 4397 varias
887 4342 1010 4412 origines
1027 4360 1088 4398 essa
1107 4343 1216 4398 canales
1242 4340 1375 4412 quosdam

281 4437 328 4512 qui
347 4455 380 4494 ex
398 4437 451 4494 hoc
481 4438 558 4494 fonte
576 4438 663 4494 veluti
681 4437 772 4508 capite
793 4437 969 4493 deducuntur
985 4441 1128 4508 tamqnam
1147 4439 1301 4509 membra«)
1323 4435 1377 4492 ori·
