3220 5260
735 520 930 603 13st

207 709 310 790 Probi
332 707 452 789 dicitur
473 707 636 788 Aemilius
657 719 768 806 Asper
787 719 838 785 bis
859 701 1142 802 commemoretur,
1161 737 1308 787 neeessa-

207 831 257 897 rio
280 838 537 919 consequeretur
560 853 578 894 a
604 815 742 894 Valerio
769 829 879 894 Probo
912 826 967 917 qui
994 811 1176 896 Domitiani
1203 835 1308 895 aetate

207 925 292 1006 visit
325 962 399 1006 eum
428 940 569 1004 alienum
598 959 680 1021 esse,
711 945 743 1002 et
769 935 873 1002 omnis
903 919 1049 1022 quaestio
1077 936 1119 1003 ad
1147 937 1309 1022 liquidum

208 1058 295 1114 esset
316 1047 483 1135 perducta,
508 1033 535 1112 si
557 1045 645 1113 omni
667 1044 867 1110 dubitatione
888 1055 1117 1130 argumentum
1131 1067 1242 1112 meum
1258 1069 1308 1112 ca·

207 1166 313 1239 reret;
337 1157 425 1242 quod
447 1179 521 1222 cum
542 1156 628 1220 ultra
642 1153 878 1244 probabilitatis
892 1153 1024 1220 laudem
1037 1175 1079 1220 ne
1093 1178 1112 1220 a
1127 1153 1305 1222 defenden-

208 1249 294 1332 tibus
316 1265 448 1352 quidem
473 1264 647 1350 quidquam
668 1263 832 1351 postulare
852 1261 965 1349 possit,
986 1262 1058 1330 aliis
1079 1263 1306 1350 eregionibus

208 1396 290 1461 opus
312 1382 360 1440 eat
380 1383 417 1438 ut
439 1373 531 1438 novis
552 1371 706 1440 subsidiis
726 1373 945 1438 confirmetur.

295 1483 406 1564 Quum
429 1481 493 1548 duo
512 1481 569 1546 illa
584 1488 788 1566 argumenta,
813 1480 994 1546 doctrinam
1008 1481 1095 1546 haud
1110 1481 1309 1548 mediocrem

209 1592 244 1656 in
264 1590 356 1655 hisee
377 1573 618 1655 commentariis
639 1589 778 1654 inveniri
802 1598 834 1654 et
850 1589 1044 1676 scriptorum
1062 1589 1117 1677 qui
1131 1589 1310 1658 afferuntur

208 1699 317 1764 nullos
340 1698 449 1764 Probo
470 1681 670 1764 recentiores
695 1718 777 1781 esse,
800 1706 1029 1784 praeterquam
1041 1698 1129 1782 quod
1144 1698 1184 1764 de
1196 1698 1308 1787 Aspre

207 1806 304 1872 valde
326 1807 361 1875 in
384 1807 507 1872 incerto
530 1829 582 1874 res
607 1815 666 1890 est,
690 1805 761 1870 sine
783 1805 985 1872 dubitatione
1012 1805 1215 1872 admittenda
1236 1807 1309 1892 sint,

208 1924 319 1982 tamen
340 1916 422 1982 aliae
451 1936 581 2004 quoque
611 1915 998 2002 quaestionesoriuntur,
1020 1937 1038 1981 e
1063 1937 1199 2004 quarum
1221 1915 1309 1982 diiu-

210 2023 370 2089 dicatione
391 2023 524 2111 pendet,
544 2033 653 2088 utrum
674 2024 805 2090 Probus
825 2023 901 2089 libri
929 2033 1041 2089 auctor
1069 2005 1240 2092 habendus
1269 2027 1311 2091 sit

209 2153 324 2198 necne.
369 2131 602 2214 Quaerendum
625 2131 711 2197 enim
732 2141 792 2216 est,
815 2155 894 2197 num
917 2141 950 2198 et
974 2155 1048 2198 cum
1074 2133 1185 2198 indole
1213 2145 1310 2222 atque

210 2239 345 2325 ingenio
369 2226 470 2306 Probi
494 2249 527 2306 et
549 2261 624 2305 cum
647 2241 735 2306 omni
757 2240 937 2306 studiorum
965 2241 1054 2306 illius
1081 2243 1196 2309 aetatis
1226 2251 1311 2310 statu

211 2359 244 2414 et
265 2333 732 2415 condicione'eommentarius
759 2349 951 2416 consentiat.
975 2411 977 2416 ,

293 2459 441 2524 Primum
463 2458 550 2542 quod
573 2458 615 2522 ad
636 2456 782 2522 indolem
804 2456 919 2523 Valeri
942 2438 1044 2524 Probi
1065 2457 1190 2540 attinet,
1213 2479 1311 2546 supra

212 2565 440 2632 demonstrare
461 2566 617 2652 temptavi
640 2587 714 2631 eum
736 2565 878 2632 maxima
898 2587 941 2630 ex
968 2575 1062 2653 parte
1087 2565 1310 2654 grammaticis

211 2661 310 2743 rebus
332 2674 568 2760 investigandis
592 2673 738 2740 deditum
766 2675 877 2757 fuisse,
910 2671 989 2740 alias
1018 2695 1071 2740 res
1101 2674 1309 2764 explicandas
1393 2723 1398 2728 -

211 2807 278 2850 non
299 2785 403 2871 magis
421 2805 550 2850 curasse
570 2805 666 2872 quam
680 2783 929 2848 commentatori
945 2782 1076 2849 omnino
1092 2785 1312 2852 necessarium

210 2875 337 2958 fuerit.¹
372 2891 494 2958 Oontra
525 2890 613 2956 illius
644 2891 685 2986 de
716 2913 779 2975 quo
813 2889 940 2976 agimus
968 2889 1056 2955 libri·
1077 2890 1229 2986 scriptori
1263 2891 1312 2958 nil

213 3001 343 3066 omnino
365 3000 426 3064 fuit
449 3000 610 3064 inanimo
632 2999 696 3064 nisi
726 3007 762 3062 ut
789 3017 842 3064 res
871 2997 1051 3086 explicaret
1079 2997 1312 3087 nominumque

211 3089 352 3204 maxime
368 3109 577 3196 propriorum
591 3108 766 3196 praeberet
779 3107 1093 3194 interpretationem,
1116 3129 1178 3195 quo
1190 3106 1312 3172 iactum

211 3385 352 3440 Charisius
371 3385 509 3455 prohibet,
531 3384 579 3453 qui
595 3383 718 3456 Asprum
737 3386 877 3441 nonnullis
895 3387 965 3442 locis
983 3385 1118 3441 nominat.
1156 3381 1311 3439 charisium

212 3479 285 3532 enim
310 3479 479 3532 aDositheo
505 3495 587 3548 quem
613 3483 725 3534 constat
749 3496 772 3534 a.
791 3499 818 3550 p.
838 3479 901 3536 Chr.
915 3481 968 3536 207
997 3479 1149 3550 scripsisse,
1175 3479 1205 3532 in
1232 3493 1313 3531 usum

214 3591 275 3628 esse
295 3592 466 3644 conversum,
486 3573 620 3632 Oehlerus
643 3581 720 3631 recte
738 3581 771 3632 ut
788 3577 901 3632 videtur
917 3578 947 3632 in
963 3577 1035 3633 Mus.
1050 3571 1312 3643 Rhen.XVII,p.55

212 3685 275 3739 sqq.
299 3671 508 3726 demonstravit.
538 3671 619 3740 Quod
637 3673 661 3726 si
679 3673 720 3726 its
738 3689 783 3728 res
799 3691 828 3728 se
846 3673 940 3743 habet,
956 3673 1019 3729 fieri
1036 3675 1083 3730 vix
1098 3670 1205 3742 poterit
1220 3671 1254 3724 ut
1271 3685 1313 3724 re·
1416 3693 1419 3704 ·

212 3762 335 3818 centiori
354 3781 435 3832 quam
444 3763 483 3818 M.
496 3763 593 3818 Aureli
604 3763 766 3836 Philosophi
783 3767 870 3822 aetati
884 3767 1005 3836 Asprum
1020 3767 1184 3821 tribuamus.
1214 3763 1313 3834 Quam·

214 3875 297 3928 quam
315 3859 401 3929 igitur
420 3860 559 3916 Victorini
577 3865 607 3914 et
624 3860 730 3916 Donati
747 3881 804 3918 non
821 3867 864 3918 est
881 3863 1012 3932 aequalis,
1031 3865 1125 3916 tamen
1146 3857 1313 3916 commerita·

212 3953 288 4007 rium
306 3951 344 4006 M.
361 3954 459 4008 Aureli
476 3959 603 4024 tempore
625 3955 760 4026 scriptum
777 3957 866 4012 multo
884 3954 1060 4012 verisimilius
1080 3962 1131 4027 est,
1150 3955 1312 4028 Hieronymi

213 4064 280 4102 aevo
299 4048 328 4102 in
341 4048 442 4104 scholis
458 4049 615 4104 lectitatum
633 4067 701 4120 esse,
722 4069 804 4121 quam
823 4052 846 4106 si
861 4052 972 4108 Nerone
990 4052 1046 4108 iam
1063 4053 1218 4124 imperante
1237 4071 1312 4110 eom-

212 4145 323 4214 positus
345 4150 424 4199 esset.
458 4145 512 4212 Qui
530 4146 558 4200 in
578 4147 797 4205 cod.Vat.1492
816 4165 887 4205 saec.
897 4149 947 4205 XV
965 4149 1079 4220 scripsit
1100 4149 1207 4222 »Asper
1223 4167 1312 4222 gram·

214 4242 332 4296 maticus
351 4241 420 4296 civis
438 4239 579 4295 Romanus
603 4245 729 4311 tempore
747 4242 883 4296 Antonini
901 4243 1062 4314 Philosophi
1081 4243 1150 4298 fuit«
1177 4241 1223 4313 (ci.
1241 4241 1312 4298 Keil.

211 4335 282 4390 Mus.
304 4335 392 4391 Rhen.
405 4335 438 4405 V,
449 4337 501 4391 317
521 4339 582 4406 sq.),
603 4355 666 4392 eum
683 4355 747 4394 eum
763 4339 887 4394 nesciam
904 4339 978 4394 unde
998 4339 1122 4396 hauserit
1139 4337 1266 4394 nondum
1283 4337 1313 4392 in

215 4432 310 4500 partes
327 4445 403 4486 meaa
421 4428 564 4485 marafim.
