3220 5260
757 531 797 597 tt

224 717 281 784 III
295 716 402 803 egisse
410 716 583 799 xvidentum
604 717 649 782 ita
669 725 705 782 nt
717 717 891 802 Suetonius
912 737 1015 805 panca
1037 725 1163 784 tantum
1179 726 1323 784 mutave-

222 823 276 907 rit,
295 833 466 912 poetarum
489 824 543 909 qui
564 835 637 913 post
660 827 843 892 Varronem
863 827 1018 892 vixerunt
1041 825 1172 891 nomina
1197 836 1230 890 et
1250 847 1323 892 sen·

223 935 339 999 tendas
362 934 513 999 nonullae
534 933 662 1019 Horati,
686 955 728 999 ex
749 943 819 1000 arte
841 937 982 1000 maxime
1006 935 1143 1022 poetica,
1165 933 1321 1002 adiciens.

223 1044 265 1111 Id
284 1065 322 1108 ea
353 1045 490 1109 fortasse
524 1065 561 1108 re
584 1043 804 1127 confirmatur,
841 1044 927 1128 qnod
949 1043 989 1108 de
1015 1043 1107 1128 poesi
1145 1041 1323 1106 dramatica
1418 1131 1419 1135 Ἰ

153 1163 156 1170 “
180 1193 184 1199 -
223 1152 325 1218 multo
347 1150 449 1216 fusius
470 1160 502 1214 ct
523 1151 704 1217 accuratius
730 1151 889 1236 quamde
912 1151 1029 1216 ceteris
1057 1150 1235 1234 generibus
1259 1148 1322 1214 dis-

222 1269 326 1347 putat,
357 1281 453 1344 quam
474 1258 617 1325 Varroni
648 1281 777 1345 quoque
798 1261 958 1326 maximae
987 1281 1084 1326 curae
1104 1260 1205 1326 fuisse
1228 1257 1322 1322 multi

224 1368 293 1435 eins
315 1368 473 1434 librorum
494 1368 581 1433 tituli
605 1369 780 1434 declarant.

309 1477 349 1542 In
370 1478 434 1542 fine
464 1477 691 1565 disputationis
717 1477 797 1542 illue
826 1479 1031 1544 redeundum
1061 1484 1110 1540 est
1142 1476 1229 1563 quod
1256 1496 1323 1540 non
1403 1545 1405 1550 ,

224 1609 357 1677 parvam
373 1589 408 1653 in
428 1590 658 1656 commentario
682 1589 863 1654 doctrinam
885 1586 938 1652 hie
959 1585 1027 1650 illie
1049 1585 1231 1674 dispersam
1248 1605 1321 1650 esse

224 1717 323 1782 supra
344 1696 421 1762 dixi.
452 1695 522 1762 Sed
539 1719 577 1763 ee
593 1717 632 1763 re
650 1719 717 1762 non
739 1719 777 1763 eo
802 1695 952 1761 ducimur
971 1702 1008 1758 ut
1026 1693 1202 1778 antiquiori
1223 1692 1322 1760 aetati

224 1823 299 1869 eum
340 1805 592 1870 adscribendum
631 1823 829 1870 censeamus.
887 1801 992 1872 Haec,
1015 1802 1102 1867 enim
1139 1801 1322 1867 studiorum

224 1914 510 2000 grammaticorum
529 1913 677 1980 condicio
700 1913 761 1978 fuit
784 1921 820 1978 ut
843 1913 897 2000 qui
920 1923 1014 1978 antea
1035 1913 1178 1977 thesauri
1201 1910 1322 1976 conlati

224 2033 327 2105 erant,
353 2043 396 2086 ex
420 2022 467 2086 eis
488 2023 686 2109 posteriores
716 2045 790 2087 oum
813 2022 891 2090 inde
923 2023 963 2086 ab
986 2020 1230 2086 Antoninorum
1251 2019 1321 2085 iere

225 2139 332 2195 aetate
351 2131 579 2218 perscrutandi
601 2140 633 2195 et
655 2153 728 2196 eum
750 2129 869 2195 sudore
892 2127 1079 2218 inquirendi
1102 2127 1243 2194 studium
1265 2149 1320 2194 ex·

224 2238 440 2325 tingueretur,
466 2239 624 2327 quidquid
644 2239 767 2304 vellent
782 2237 843 2304 sibi
858 2239 1085 2324 decerperent.
1109 2239 1182 2320 Quo
1200 2239 1321 2303 factum

138 2327 142 2334 ¹
224 2355 330 2414 estut
352 2348 449 2413 modo
472 2349 663 2413 brevissimo
688 2347 895 2435 compendio,
924 2347 1012 2412 omni
1034 2346 1204 2411 doctrinae
1225 2369 1322 2436 appa-

222 2465 295 2521 ratu
317 2459 469 2541 neglecto
497 2477 549 2522 res
583 2477 666 2544 quae
690 2465 870 2522 memoratu
900 2456 1020 2544 dignae
1047 2439 1244 2522 videbantur
1266 2477 1321 2522 ex-

224 2564 456 2648 scriberentur,
490 2565 586 2630 modo
619 2563 676 2628 ille
709 2563 763 2628 vel
785 2564 948 2628 totusvel
970 2587 1013 2630 ex
1036 2565 1184 2652 partein
1206 2585 1321 2632 recen-

222 2675 322 2740 tiores
354 2675 457 2740 libros
489 2675 653 2739 transiret.
714 2673 788 2738 Hoc
821 2695 848 2739 e.
875 2697 904 2738 c.
940 2673 976 2738 in
1007 2673 1102 2742 Servi
1137 2673 1259 2738 sacculi
1288 2672 1320 2737 V

223 2783 425 2869 grammatici
448 2782 688 2849 commentariis
711 2784 834 2848 factum
852 2791 902 2848 est
918 2782 973 2870 qui
990 2782 1108 2846 multas
1123 2803 1177 2847 res
1188 2780 1321 2846 aliunde

222 2889 353 2974 ignotas
365 2891 656 2956 remotissimorum
671 2911 904 2974 nonnunquam
918 2890 1116 2977 scriptorum
1130 2891 1322 2956 auctoritate
1365 2972 1369 2978 Ι

224 3000 406 3083 confirmat3
430 3021 550 3086 nempe
573 3021 616 3064 ex
635 2999 853 3085 antiquiorum
868 3001 1108 3066 commentariis
1126 3024 1180 3067 eas
1194 3002 1321 3088 petivit.

223 3108 321 3190 Quod
345 3129 404 3174 eur
424 3109 458 3174 in
480 3119 592 3175 nostro
606 3104 698 3174 ¹libro
721 3133 787 3175 non
809 3119 917 3198 potest
940 3112 1058 3176 codem
1079 3111 1178 3176 modo
1200 3115 1321 3179 factum

224 3217 320 3282 e'sse?
344 3241 403 3282 eur
422 3219 509 3283 hunc
532 3218 678 3283 Probum
701 3220 750 3302 (ut
773 3220 905 3284 nomine
928 3219 1015 3305 utar)
1047 3241 1130 3306 qnae
1158 3242 1200 3286 ex
1223 3221 1322 3288 Galli·

222 3324 340 3389 maeho
362 3325 562 3410 Asclepiade
584 3327 783 3414 Palaephato
804 3329 941 3415 profert,
972 3330 1079 3415 ipsum
1107 3329 1152 3395 ibi
1175 3330 1321 3396 hausisse

222 3440 383 3519 putemus,
414 3457 488 3498 eum
510 3442 558 3498 tot
578 3455 694 3498 causae
725 3443 894 3498 recentem
919 3445 951 3499 et
982 3435 1059 3501 satis
1087 3437 1321 3521 neglegentem
1411 3440 1413 3444 ’

222 3551 453 3629 excerptorem
475 3565 549 3608 eum
570 3563 641 3608 esse
664 3543 899 3628 declarent¹)‘?
923 3581 961 3590 -
985 3544 1062 3610 Non
1091 3544 1210 3609 cadunt
1240 3568 1321 3633 quae

222 3649 291 3714 dixi
311 3651 346 3714 in
368 3651 620 3738 disputationem
651 3653 692 3717 de
728 3654 840 3718 mundi
873 3655 1042 3719 elementis
1071 3677 1154 3742 qnae
1182 3655 1223 3720 ad
1247 3655 1320 3721 Eel.

222 3758 252 3840 6,
272 3759 310 3822 31
341 3757 506 3846 adscripta
537 3770 724 3850 esthunam
752 3763 842 3826 illem
876 3764 949 3850 plus
980 3785 1074 3850 quem
1106 3774 1198 3828 sexta
1221 3763 1319 3828 totius

221 3866 296 3930 libri
317 3877 410 3955 parte
423 3878 635 3937 constantem.
666 3871 742 3937 Non
762 3883 869 3959 potest
890 3874 947 3938 illa
967 3872 1028 3937 nisi
1048 3872 1234 3937 florentium
1255 3883 1319 3940 stu-

1346 593 1354 624 l

222 3970 350 4036 diorum
372 3981 519 4060 tempore
545 3977 729 4064 conscripta
750 4001 836 4062 esse3
870 3979 1054 4046 doctissime
1074 3982 1161 4047 enim
1183 3982 1319 4070 parique

294 4243 318 4305 ll
339 4243 472 4298 adnotare
489 4245 573 4301 liceat
583 4247 716 4316 plurimas
728 4248 834 4302 fabulas
846 4266 880 4304 ex
895 4247 972 4304 Ovid.
987 4249 1098 4304 Metam.
1112 4255 1144 4306 ut
1154 4249 1264 4306 videtur
1273 4251 1319 4307 de-

222 4343 345 4409 sumptas
365 4357 434 4407 csse,
454 4341 565 4396 nomine
583 4343 678 4412 paucis
697 4344 766 4398 loeis
786 4345 929 4415 apposito;
958 4345 992 4400 cf.
1010 4346 1104 4402 adnot.
1125 4347 1159 4401 ad
1176 4348 1317 4416 lectam

220 4435 254 4491 74
265 4434 317 4490 bis.
332 4435 374 4491 78.
396 4433 526 4507 Georgi,
536 4439 579 4494 36.
590 4441 632 4495 60.
642 4442 701 4498 221.
713 4443 773 4499 eet.
792 4437 879 4518 11284.
892 4445 953 4500 360.
972 4439 1021 4512 111,
1031 4445 1091 4501 338.
1109 4439 1156 4517 IV,
1168 4443 1208 4500 ib.
1220 4441 1281 4504 317.
