3220 5260
838 505 881 570 32

310 696 368 772 est,
391 688 483 754 ouius
505 689 554 754 rei
577 689 778 755 luculentum
799 689 985 776 exemplum
1009 691 1164 758 habemus
1179 693 1212 759 in
1225 692 1317 760 Persi
1332 691 1413 759 eod.

309 800 499 866 Monacensi
522 802 622 886 s.X1‚
642 802 697 867 ubi
720 802 972 867 commentarius
996 801 1030 867 in
1055 802 1205 868 Persium
1228 803 1283 887 qui
1304 803 1413 888 volgo

310 907 456 976 Cornuto
476 910 639 995 tribuitur,
659 911 700 975 ad
721 910 891 975 Valerium
912 911 1057 978 Probum
1078 913 1220 976 refertur
1242 913 1299 994 (of.
1322 911 1414 976 Iahn

308 1019 330 1088 l.
343 1042 369 1084 c.
383 1042 415 1105 p.
426 1017 543 1104 CCV),
563 1020 598 1084 id
620 1020 707 1105 qnod
730 1020 807 1086 alibi
831 1041 959 1106 quoque
978 1020 1027 1084 illi
1048 1020 1205 1084 accidisse
1229 1042 1267 1084 eo
1286 1041 1413 1106 cogno·

309 1127 427 1192 scimus
449 1128 536 1214 quod
548 1127 745 1194 Hermolaus
769 1129 908 1194 eundem
930 1129 1198 1194 commentarium
1210 1127 1309 1194 Probi
1333 1149 1413 1194 esse

309 1237 389 1304 dicit
415 1239 507 1324 (ibid.
529 1239 702 1324 CLVIII).
757 1239 939 1306 Addendus
975 1250 1025 1304 est
1051 1240 1150 1306 etiam
1172 1240 1257 1305 liber
1281 1239 1336 1325 qui
1360 1239 1411 1306 M.

309 1347 422 1413 Valeri
455 1348 554 1414 Probi
582 1347 687 1412 fertur
720 1347 761 1412 ds
795 1347 892 1431 notis,
926 1347 966 1412 do
993 1371 1055 1434 quo
1087 1371 1161 1412 cum
1184 1349 1412 1414 Mommsonus

311 1455 400 1538 (Ber.
413 1455 444 1520 d.
457 1455 569 1524 Sachs.
583 1454 662 1523 Ges.
676 1456 706 1521 d.
718 1455 820 1522 Wiss.
837 1455 917 1521 1853
930 1477 962 1541 p.
977 1456 1016 1520 91
1030 1455 1115 1542 sqq.)
1138 1457 1275 1544 egregio
1298 1456 1414 1543 dispu-

310 1565 437 1649 taverit,
466 1565 499 1630 in
519 1565 582 1630 hoo
611 1589 676 1630 uno
699 1565 729 1630 ei
750 1564 900 1634 assentiri
922 1587 987 1630 non
1008 1587 1150 1651 possum,
1184 1565 1270 1650 quod
1291 1565 1413 1630 inscri-

309 1675 456 1760 ptionem
476 1675 654 1759 genuinam
676 1696 747 1740 esse
770 1684 899 1757 oenset3
930 1695 1036 1758 noque
1058 1673 1143 1738 onim
1165 1673 1243 1738 iuris
1265 1673 1414 1760 peritum

309 1783 409 1848 fuisse
429 1783 522 1846 illum
543 1805 651 1870 neque
674 1783 752 1846 talia
775 1783 945 1868 scripsisse
969 1783 1084 1870 quibus
1107 1782 1330 1870 quotidianum
1362 1781 1415 1846 di-

310 1891 467 1956 scentium
489 1915 583 1956 usum
611 1891 789 1973 adiuvaret,
823 1890 890 1954 ullo
918 1889 1015 1954 modo
1047 1889 1253 1975 comprobari
1283 1898 1412 1976 potest3

310 2001 413 2064 multo
434 1999 635 2086 probabilius
660 2009 709 2065 est
731 2000 770 2064 ab
794 1999 902 2084 aliquo
925 1998 979 2083 qui
1003 1996 1043 2062 de
1068 1997 1188 2064 criticis
1209 1997 1298 2061 illins
1320 1997 1412 2062 notis

311 2109 487 2191 audiverat,
510 2109 568 2173 has
592 2129 720 2193 quoqne
743 2108 822 2174 iuris
844 2117 936 2172 notas
959 2107 990 2171 ei
1006 2107 1175 2172 attributas
1191 2128 1272 2171 esse.
1293 2106 1412 2192 Eligas

309 2216 411 2302 igitur
432 2227 541 2282 utrum
561 2217 665 2302 magis
687 2217 826 2282 arridet:
858 2225 913 2280 sut
943 2217 1093 2280 aProbo
1119 2215 1258 2302 quodam
1286 2223 1341 2278 aul
1366 2214 1411 2278 ab

311 2325 374 2389 alio
396 2325 607 2409 grammatico
630 2323 878 2389 commentarius
908 2322 1057 2408 scriptus,
1091 2323 1135 2388 M.
1158 2322 1273 2388 Valeri
1297 2331 1410 2386 autem

311 2453 431 2497 nomen
453 2432 579 2498 incerto
601 2442 749 2521 ternpore
762 2441 798 2498 ut
813 2431 884 2497 aliis
897 2431 942 2496 its
954 2430 1030 2497 huie
1044 2432 1127 2497 libro
1143 2431 1330 2518 impositum
1347 2438 1408 2494 est.
