3220 5260
829 525 870 592 26

301 733 360 778 nes
392 711 583 804 pervenisse
617 723 649 780 et
682 713 768 800 apud
793 714 853 800 hos
884 736 944 803 per
966 715 1103 780 saecula·
1121 722 1301 802 propagata
1328 735 1399 780 esse

300 820 492 905 videantur3
530 846 606 890 nam
638 825 735 888 etiam
765 824 801 887 in
823 823 919 892 Servi
949 823 1054 912 praef.
1081 823 1123 888 ad
1146 823 1261 890 Buccl.
1289 822 1398 910 paullo

300 938 426 996 tantum
448 931 599 998 breviora
619 933 839 1000 inveniuntur.
884 931 954 1000 Sed
986 941 1096 1000 tamen
1117 933 1281 1019 exipsius
1304 932 1399 1000 Servi

301 1041 541 1129 comparatione
563 1042 728 1127 docemur,
751 1051 909 1130 excerpta
930 1052 1055 1108 tantum
1077 1043 1164 1129 apud
1176 1042 1319 1108 Probum
1341 1063 1397 1106 no·

301 1157 403 1216 strum
418 1149 504 1236 legi;
526 1149 582 1216 ubi
605 1150 693 1216 enim
714 1152 845 1238 tertiam
866 1152 1089 1218 bucolicorum
1112 1151 1246 1237 originis
1268 1173 1396 1216 causam

301 1258 436 1344 exponit
464 1260 511 1347 (p.
523 1259 631 1344 3,20),
659 1261 766 1345 ipsum
796 1261 844 1326 rei
874 1261 1040 1327 cardinem
1073 1261 1194 1349 quique
1225 1284 1244 1325 a
1275 1258 1391 1327 Servio

300 1377 508 1452 memoratur,
542 1369 640 1456 plane
662 1369 796 1434 omittit:
826 1370 950 1458 templo
978 1370 1084 1454 posito
1114 1373 1235 1436 festum
1264 1367 1396 1454 hymnis

300 1477 341 1542 ab
373 1476 493 1542 accolis
524 1477 725 1542 celebratum
751 1499 833 1564 esse,
866 1501 929 1565 qua
963 1499 1005 1542 ex
1025 1499 1063 1544 re
1082 1477 1308 1542 bucolicorum
1328 1499 1398 1542 mos

300 1585 343 1652 sit
364 1594 507 1651 exortus.
547 1587 769 1668 Quamobrem
796 1609 834 1652 ea
856 1609 984 1674 quoque
1009 1587 1124 1671 quibus
1147 1585 1397 1652 commentarius

301 1695 434 1760 excellit
446 1695 492 1782 (p.
502 1695 550 1779 4),
570 1695 729 1760 Varronis
753 1695 888 1762 Catonis
904 1696 1010 1764 Lucili
1020 1697 1203 1782 fragmenta
1214 1719 1280 1760 non
1291 1696 1398 1783 ipsum

302 1803 543 1870 exauctoribus
559 1804 680 1892 petisse
703 1805 763 1869 sed
786 1826 828 1870 ex
852 1805 915 1870 alio
939 1806 1119 1892 interprete
1142 1805 1280 1874 traxisse
1301 1826 1397 1891 appa-

302 1920 361 1978 ret.
407 1913 500 1995 Quae
526 1911 643 1978 deinde
665 1921 844 1998 sequuntur
865 1913 906 1978 de
928 1934 965 1980 re
986 1914 1116 1998 poetica
1139 1913 1397 1996 observationes,

303 2039 360 2086 eae
372 2018 555 2086 nilhabent
567 2018 654 2104 quod
673 2018 796 2106 aliquid
808 2019 963 2084 momenti
983 2019 1029 2084 eis
1049 2019 1206 2102 vindicet,
1218 2018 1397 2105 neglegen-

300 2127 377 2194 tiam
412 2137 520 2194 autem
551 2127 755 2214 excerptoris
775 2128 885 2215 prodit
906 2151 938 2215 p.
948 2130 969 2194 l
971 2128 1012 2214 ,2
1036 2128 1165 2213 ,hircus
1190 2127 1316 2214 Libyca
1337 2127 1397 2192 lin-

300 2257 366 2323 gua
386 2236 506 2322 tityrus
528 2235 731 2322 appellatur“
753 2257 849 2324 quam
859 2257 975 2302 vocem
986 2234 1121 2304 Servius
1141 2237 1163 2302 l.
1177 2260 1203 2302 c.
1227 2258 1270 2302 ex
1296 2235 1396 2302 Laco·

300 2367 380 2412 num
398 2366 549 2412 sermone
570 2345 670 2429 ducit,
691 2345 725 2410 id
747 2346 834 2430 quod
859 2346 1008 2411 omnibus
1027 2345 1173 2412 numeris
1195 2345 1396 2433 probabilius

300 2461 358 2520 est.
393 2452 530 2520 Certum
545 2453 647 2540 igitur
667 2463 745 2541 puto
764 2454 849 2520 hano
867 2455 1103 2541 praefationem
1120 2454 1221 2520 multa
1239 2462 1396 2541 exparte

298 2585 365 2630 non
377 2561 509 2650 quidem
522 2560 774 2628 diversissimam
789 2584 860 2630 esse
872 2565 912 2629 ab
924 2563 1168 2651 antiquioribus,
1178 2561 1397 2648 neglegenter

297 2677 408 2734 autem
437 2690 481 2734 ex
510 2669 556 2734 eis
579 2670 786 2757 exscriptam.
831 2673 942 2755 Quare
973 2694 1046 2736 cum
1075 2671 1233 2737 eiusmodi
1255 2669 1296 2736 de
1320 2691 1397 2758 pce·

298 2786 420 2844 matum
437 2779 615 2864 generibus
634 2779 846 2863 narrationes,
867 2780 1170 2846 Alexandrinorum
1189 2789 1267 2868 puto
1290 2787 1395 2844 aetate

300 2895 443 2970 exortae,
466 2909 525 2974 per
546 2909 676 2953 omnem
697 2888 923 2974 antiquitatem
948 2898 1149 2976 propagatae
1174 2888 1247 2972 sint,
1269 2887 1395 2952 nullam

297 2995 394 3061 video
415 3019 546 3062 causam
565 3021 624 3062 our
639 2997 833 3066 Suetonium
856 2998 947 3063 cuius
970 2997 1011 3062 de
1031 3020 1069 3062 ea
1091 3019 1128 3062 re
1151 2996 1395 3062 commentatio-

298 3127 376 3172 nem
387 3127 438 3191 ap.
450 3105 601 3172 Diomed.
613 3129 645 3192 p.
656 3107 824 3172 ter-492
840 3100 1001 3171 serratam
1013 3127 1085 3170 esse
1100 3104 1140 3172 Ο.
1152 3105 1286 3170 Iahnius
1297 3125 1396 3190 agno·

202 3214 207 3228 ‘
297 3212 354 3298 vit,
383 3213 418 3277 in
447 3214 670 3278 bucolicorum
703 3215 829 3300 origine
854 3213 1034 3279 enarranda
1058 3214 1121 3279 hoc
1150 3237 1224 3278 eum
1255 3213 1396 3277 maxime

299 3323 528 3387 commentario
559 3331 725 3406 tamquam
747 3322 910 3388 Probiano
937 3345 1032 3387 usum
1060 3344 1132 3388 esse
1155 3345 1230 3387 cum
1259 3321 1396 3387 Reiffer-

300 3437 445 3501 scheidio
458 3437 494 3519 (l.
508 3461 536 3502 c.
547 3459 579 3524 p.
591 3437 651 3502 371
665 3439 749 3526 sqq.)
759 3439 954 3520 sentiamus;
978 3461 1053 3502 cum
1074 3459 1182 3522 neque
1202 3435 1398 3504 Suetonium

300 3545 335 3610 in
352 3546 555 3634 praefatione
577 3547 653 3611 libri
679 3547 719 3610 de
741 3548 847 3634 pectis
874 3547 1039 3627 ,Probum
1062 3546 1265 3632 potissimum
1288 3554 1397 3608 aucto·

299 3677 368 3721 rem
391 3653 566 3719 habuisse“·
597 3655 777 3740 (itinere)
799 3664 925 3720 certum
951 3655 991 3719 sit
1014 3675 1121 3739 neque
1144 3653 1396 3719 commentarius

300 3764 437 3833 Suetcni
456 3773 593 3830 aetatem
617 3765 778 3830 excedere
803 3764 915 3852 possit.
954 3763 1047 3847 blihi,
1066 3773 1102 3828 ut
1124 3763 1267 3830 breviter
1288 3762 1397 3850 potius

301 3872 405 3937 dicam
427 3895 523 3958 quam
540 3875 612 3940 fuse
632 3874 853 3940 demonstrem
874 3873 962 3958 quod
983 3872 1097 3956 sentio,
1118 3873 1152 3935 in
1171 3895 1209 3936 eo
1228 3869 1399 3940 nitendum

299 3981 430 4046 videtur
452 3981 747 4068 quodRitschelius
769 3982 938 4070 perspexit
960 3983 1108 4065 (Parerg.
1122 3977 1399 4064 Plautrpeue),

299 4091 457 4156 Varronis
470 4091 511 4155 de
529 4091 635 4179 poetis
648 4092 871 4176 similibusque
888 4091 1034 4158 ciusdem
1051 4089 1143 4154 libris
1156 4089 1350 4157 Suetonium
1365 4087 1400 4150 in

300 4201 363 4265 hoe
383 4221 481 4288 opere
500 4201 675 4288 praecipue
697 4223 792 4266 usum
815 4221 896 4265 esse.
931 4199 1029 4282 Quod
1053 4221 1119 4263 non
1142 4197 1247 4262 solum
1267 4196 1300 4260 in
1318 4194 1416 4280 vitas,
1470 4262 1475 4274 ,

300 4317 472 4396 poetarum
506 4308 563 4374 sed
592 4309 627 4372 in
659 4309 896 4398 praefationem
927 4329 1054 4393 quoque
1086 4306 1203 4373 cadere
1235 4315 1314 4393 puto
1346 4325 1399 4369 res

295 4425 488 4484 tractantem
508 4417 639 4484 easdem
661 4419 701 4485 de
731 4420 848 4504 quibus
869 4417 1029 4484 Varronis
1072 4417 1112 4482 de
1133 4414 1293 4505 poematis
1322 4411 1400 4480 libri
