3220 5260
185 766 274 830 bentss
317 763 516 834 Consider'es
538 783 657 849 quaeso
679 760 820 850 primum
841 779 922 844 quae
945 758 986 824 ad
1008 757 1134 845 Georg.
1155 758 1200 843 II,
1225 759 1284 824 197

185 873 346 960 legimus:

354 981 454 1046 saltus
474 987 506 1046 et
531 979 630 1046 saturi
649 979 751 1067 petito
773 976 955 1064 longinqua
976 977 1119 1042 Tarenti.

188 1093 436 1177 ,Tarentum—
449 1087 665 1156 condiderunt
680 1125 724 1138 --
742 1087 856 1154 exules
877 1085 1219 1154 Lacedaemoniorum.
1243 1123 1287 1136 -

185 1201 226 1266 In
250 1201 368 1266 finibus
390 1207 498 1264 autern
523 1199 777 1265 Tarentinorum
801 1207 849 1263 est
878 1199 971 1264 locus
1000 1219 1096 1284 quent
1118 1196 1286 1264 Saturium

185 1319 312 1393 vocant,
335 1308 423 1374 unde
446 1308 543 1373 etiam
567 1308 719 1395 paludem
740 1308 901 1392 Saturam,
933 1308 1023 1373 cuius
1054 1307 1152 1372 ctiam
1179 1307 1214 1372 in
1237 1329 1285 1372 se-

186 1418 288 1506 ptimo
311 1415 412 1501 (Aen.
434 1415 600 1500 V11801)
623 1417 744 1482 mentio
770 1423 820 1482 est
843 1436 917 1483 cum
939 1416 983 1480 ait
1003 1416 1190 1503 Vergilius:

285 1525 360 1606 Qua
381 1522 519 1590 Saturae
541 1525 626 1590 iacet
649 1534 717 1590 atra
738 1525 832 1612 palus
853 1525 1048 1613 gelidusque
1069 1535 1130 1613 'per
1152 1525 1233 1590 imas

290 1633 416 1721 quaerit
436 1633 500 1698 iter
520 1633 615 1698 vallis
639 1643 737 1722 atque
757 1634 792 1700 in
812 1655 901 1700 mere
925 1634 1077 1700 conditur
1097 1635 1213 1700 erns.

188 1744 298 1813 Saturi
321 1765 401 1828 ergo
425 1737 560 1808 Tarenti
587 1768 606 1808 a
633 1743 763 1812 Saturio
792 1745 865 1810 loco
892 1745 947 1809 vel
978 1768 996 1808 a
1019 1744 1137 1812 Satura
1165 1744 1285 1830 palude

187 1852 280 1918 dixit.
326 1850 465 1928 Quidam
487 1851 610 1936 dicunt,
633 1875 705 1916 cum
728 1853 768 1916 ob
791 1853 862 1937 agri
884 1851 1063 1917 bonitatem
1083 1861 1153 1916 tum
1174 1876 1193 1918 a
1213 1854 1284 1918 loco

187 1961 329 2047 quodam
355 1959 475 2028 Saturo
499 1961 552 2044 qui
577 1971 626 2025 est
648 1967 761 2048 propo'
783 1961 962 2026 Tarentum
988 1958 1142 2026 Saturum
1166 1984 1286 2046 coguo-

185 2068 375 2134 minatum.“
431 2067 577 2134 Primum
615 2067 697 2132 illud
734 2089 812 2133 vere
847 2067 1048 2134 miserandae
1081 2069 1286 2156 ignorantiae

186 2177 412 2242 testimonium
436 2177 522 2264 quod
545 2177 663 2244 Satura
682 2177 775 2263 palus
797 2186 893 2264 'quam
916 2177 950 2242 in
970 2177 1063 2243 Latio
1088 2178 1181 2242 sitam
1204 2179 1286 2244 Ver·

185 2284 287 2370 gilius
318 2285 469 2369 ostendit,
502 2305 576 2350 cum
599 2280 729 2350 Saturio
754 2285 828 2349 loco
859 2285 1036 2350 Tarentino
1065 2286 1285 2374 coniungitur,

187 2394 452 2458 commentatoris
479 2393 584 2459 nostri
615 2393 785 2458 commodo
810 2393 839 2456 ei
862 2397 992 2459 auferre
1024 2403 1056 2458 et
1082 2395 1285 2483 ineptissimo

186 2501 415 2591 interpolatori
439 2501 621 2582 attribuere
637 2503 749 2566 malim
767 2501 812 2566 ita
825 2511 860 2566 nt
876 2503 1046 2568 deleantur
1057 2506 1157 2569 verba
1180 2506 1286 2588 ,unde

186 2611 284 2678 etiam
321 2611 475 2699 paludem
511 2649 550 2660 -
584 2635 603 2676 a
635 2611 752 2680 Satura
785 2611 904 2697 palude
937 2611 1050 2678 dixit.“
1106 2615 1177 2679 Iam
1207 2635 1304 2700 vero¹

191 2720 393 2786 concedatur
413 2730 450 2786 ut
472 2717 638 2786 Saturium
658 2721 741 2786 illud
761 2742 798 2786 re
818 2742 897 2786 vera
920 2721 1017 2786 situm
1039 2721 1081 2787 sit
1102 2717 1205 2810 prope
1227 2721 1286 2787 Ta-

155 2838 316 2896 -rentum
348 2849 456 2917 neque
497 2831 786 2916 grammaticorum
819 2839 946 2896 tantum
975 2829 1073 2917 nugis
1106 2830 1286 2897 artificiosis

187 2938 344 3004 debeatur
352 2939 378 3022 ¹)
391 2978 429 2988 -·
441 2939 500 3004 scd
511 2939 538 3004 si
550 2939 623 3026 quis
634 2939 765 3026 Vergili
775 2961 908 3006 versum
919 2939 1059 3026 simplici
1072 2961 1149 3004 usus
1161 2940 1283 3006 iudicio

187 3046 452 3130 consideraverit,
474 3071 552 3112 num
572 3047 667 3112 aliter
686 3048 808 3134 poterit
830 3057 973 3112 saturum
995 3048 1173 3114 Tarentum
1194 3048 1287 3114 intel-

186 3155 303 3241 legere
325 3165 422 3240 atque
443 3156 545 3220 itaut
566 3155 607 3220 sit
632 3155 724 3240 felix,
746 3155 848 3240 dives,
870 3157 1061 3242 opulentum
1084 3157 1287 3222 Tarentum?

186 3263 263 3329 Non
285 3273 431 3353 possunt,
458 3274 549 3352 pute,
578 3265 675 3350 primi
707 3265 827 3330 saeculi
852 3265 1071 3352 grammaticis
1101 3266 1287 3333 huiusmodi

186 3373 316 3438 fabulae
327 3374 490 3460 imputari.
514 3373 635 3441 Noster
647 3383 755 3439 autem
768 3374 1018 3440 commentarius
1030 3375 1129 3440 alium
1139 3375 1205 3440 iam
1215 3377 1286 3462 ipso

187 3483 402 3568 antiquiorem
418 3483 472 3548 hic
484 3484 640 3572 respexit,
663 3506 735 3548 cum
754 3483 824 3571 ipse
836 3485 876 3548 ab
895 3506 961 3549 uno
979 3484 1054 3548 loco
1067 3481 1208 3569 Saturio,
1230 3486 1288 3551 ille

189 3591 349 3678 (quidam)
373 3615 468 3677 ,cum
496 3593 537 3658 ob
560 3593 632 3681 agri
655 3593 833 3658 bonitatem
856 3603 927 3658 tum,
948 3616 966 3656 a
987 3593 1061 3657 loeo
1078 3593 1218 3678 quodam
1230 3593 1287 3660 Sa-

187 3701 279 3765 tnro“
302 3701 480 3768 Tarentum
499 3703 562 3766 hoc
581 3703 714 3768 nomine
736 3702 917 3789 aVergilio
930 3703 1129 3790 appellatum
1145 3714 1286 3770 censeat.

186 3811 259 3876 Iam
279 3811 382 3896 igitur
402 3821 477 3877 ante
498 3812 644 3877 Probum
666 3821 813 3877 nostrum
832 3821 1040 3900 personatum
1060 3813 1143 3877 haec
1163 3813 1288 3879 insania

188 3929 365 3984 emerserat
392 3941 488 4002 quam
512 3919 661 4007 quisnam
681 3921 716 3984 in
739 3920 937 4007 antiquiores
960 3919 1069 3984 Probo
1090 3919 1287 4006 interpretes

184 4028 277 4094 velut
298 4023 528 4096 inOornutuni
548 4029 603 4094 vel
617 4029 792 4116 Hyginum
811 4030 964 4094 conferre
984 4027 1140 4094 audebit?
1160 4066 1202 4077 —-
1222 4030 1287 4097 Lu-

188 4187 379 4198 ffi—-—

258 4287 284 4358 l)
304 4287 383 4355 Quod
410 4290 538 4359 equidem
565 4309 621 4344 non
646 4291 734 4346 audeo
765 4289 929 4361 decernere3
955 4289 1055 4345 Horati
1073 4289 1171 4344 saltem
1191 4303 1287 4342 versus

182 4380 242 4438 Sat.
253 4383 274 4451 I,
286 4385 312 4451 6,
324 4386 357 4440 59
389 4383 449 4437 »Me
468 4384 632 4439 Satureiano
649 4386 756 4440 vectari
774 4402 840 4440 rura
862 4386 985 4440 caballo«
1015 4404 1072 4440 non
1090 4385 1126 4439 ad
1147 4383 1289 4439 Saturium

178 4478 291 4534 esdad
309 4478 471 4534 Saturnium
490 4482 584 4537 locum
603 4485 722 4551 spectet,
742 4482 777 4536 ‹le
795 4499 850 4552 quc
870 4482 916 4537 hie
936 4500 992 4536 non
1009 4482 1111 4552 agitur.
