3220 5260
908 515 929 580 2

374 707 489 762 notare
521 700 656 781 curavit,
685 700 746 766 soli
775 699 852 764 huic
881 720 943 764 neo
971 700 1031 764 ulli
1055 707 1224 787 praeterea
1245 699 1468 787 grammatices

374 805 459 894 parti
488 805 628 873 deditus.
672 808 738 874 Hic
765 830 832 873 non
860 815 928 872 tam
960 806 1138 894 discipulos
1168 829 1263 894 quam
1295 818 1468 874 sectatores

377 915 501 999 aliquot
523 915 646 982 habuit.
680 915 855 1004 Nunquam
879 915 966 982 enim
986 915 1032 981 ita
1054 915 1164 982 docuit
1182 926 1219 982 ut
1238 917 1386 1004 magistri
1400 939 1469 1006 per-

375 1045 488 1088 sonam
512 1024 703 1107 sustineret;
728 1047 830 1090 unum
852 1033 885 1090 et
907 1025 1046 1090 alterum
1067 1026 1122 1089 vel
1143 1047 1217 1090 cum
1230 1024 1388 1111 plurimos
1406 1037 1470 1092 tres

374 1141 429 1196 aut
462 1140 613 1217 quattuor
642 1130 906 1220 postmeridianis
933 1133 1023 1200 horis
1050 1133 1222 1198 admittere
1255 1133 1392 1218 solebat,
1419 1155 1471 1198 cu-

376 1240 522 1326 bansque
546 1241 633 1307 inter
655 1242 774 1328 longos
799 1264 837 1307 ac
863 1242 1017 1328 volgares
1038 1261 1205 1308 sermones
1233 1242 1348 1329 legere
1377 1262 1470 1327 quae-

376 1345 460 1420 dam,
484 1348 582 1432 idque
601 1370 747 1437 perraro.
781 1349 887 1418 Nimis
906 1370 1011 1437 pauca
1032 1359 1065 1414 et
1087 1350 1209 1436 exigua
1225 1350 1267 1415 de
1281 1349 1472 1435 quibusdam

376 1457 508 1522 minutis
530 1458 785 1541 quaestiunculis
810 1458 923 1524 edidit.
964 1457 1111 1543 Reliquit
1133 1467 1241 1524 autem
1263 1479 1330 1524 non
1350 1458 1471 1523 medio-

375 1585 465 1630 crem
485 1564 600 1632 silvam
623 1565 888 1634 observationum
908 1564 1067 1634 sermonis
1084 1564 1242 1650 ·antiqui.“

458 1673 516 1742 Ad
536 1674 621 1740 iuste
643 1674 878 1742 aestimandam
900 1673 1039 1742 Suetoni
1059 1672 1159 1740 fidem
1179 1673 1313 1741 maximi
1335 1683 1384 1740 est
1406 1697 1472 1740 mo-

375 1782 478 1852 menti
495 1792 532 1848 ut
552 1782 631 1868 quid
653 1783 695 1854 ait
715 1783 798 1849 illud
825 1782 983 1850 adnotare
1002 1782 1055 1848 oui
1076 1782 1205 1848 Probus
1227 1803 1361 1868 operam
1382 1804 1473 1848 suam

374 1890 515 1976 navavit,
538 1900 629 1958 recte
650 1891 873 1977 intellegatur.
914 1889 993 1958 Non
1013 1889 1102 1956 enim
1123 1888 1242 1956 desunt
1261 1891 1317 1975 qui
1330 1911 1403 1958 eum
1417 1911 1472 1977 pa-

376 2021 448 2067 rum
481 2007 631 2066 accurate
663 1999 809 2066 locutum
840 2019 912 2064 esse
938 2007 1064 2088 putent.
1107 1995 1196 2066 Sane
1223 2008 1331 2066 autem
1354 2001 1473 2074 mirum

376 2118 462 2174 esset
485 2109 512 2175 si
534 2106 713 2176 Suetonius
736 2130 834 2193 quem
859 2107 1076 2176 certissimum
1103 2107 1225 2192 ubique
1254 2129 1364 2174 rerum
1394 2131 1472 2194 quas

376 2226 485 2282 narrat
507 2226 673 2282 auctorem
702 2237 773 2284 esse
804 2217 891 2284 inter
913 2235 1026 2282 omnes
1049 2224 1187 2299 constat,
1215 2215 1279 2282 hoc
1305 2237 1372 2282 uno
1398 2216 1472 2282 loco

375 2325 607 2410 neglegentiae
622 2333 708 2390 esset
720 2323 932 2408 accusandus,
950 2324 1143 2410 praesertim
1159 2345 1234 2390 eum
1247 2325 1473 2392 auctoritatem

375 2433 441 2499 looi
456 2443 582 2520 augeat
603 2432 693 2500 hisce
717 2432 847 2504 disertis
869 2432 978 2500 verbis
1003 2431 1180 2498 adiunctis:
1213 2433 1292 2517 ,soli
1311 2433 1387 2499 huic
1408 2454 1473 2498 nec

375 2542 434 2608 ulli
464 2551 635 2628 practerea
658 2541 887 2628 grammatices
916 2541 1002 2628 parti
1031 2540 1191 2608 deditus.¹‘
1234 2540 1312 2606 Iure
1341 2541 1474 2629 quidem

376 2650 411 2716 in
433 2671 472 2716 eo
492 2649 710 2734 consentiunt,
734 2649 911 2716 adnotandi
933 2648 1080 2716 officium
1106 2648 1210 2733 initio,
1235 2649 1474 2736 cumprimum

376 2757 569 2826 altomeris
599 2758 826 2841 exercebatur,
856 2779 958 2824 unum
986 2757 1050 2822 hoc
1078 2766 1300 2844 spectassent
1321 2765 1475 2824 notamur

378 2865 564 2932 criticorum
586 2887 665 2951 quas
687 2865 893 2952 grammatici
914 2863 1036 2934 Graeci
1058 2865 1273 2932 excoluerant
1292 2887 1388 2932 usum
1407 2865 1475 2953 aig-

378 2973 539 3058 nificaret,
559 2995 656 3059 quem
677 2974 742 3040 iam
763 2973 850 3040 inter
869 2972 1111 3062 antiquissimos
1128 2973 1348 3040 Romanorum
1366 2995 1475 3060 gram·

377 3082 512 3152 maticos
533 3082 675 3148 valuisse
694 3099 737 3152 ex
758 3081 918 3148 anecdota
940 3081 1089 3148 Parisino
1112 3081 1154 3146 de
1176 3081 1272 3165 notis,
1295 3082 1337 3148 ad
1358 3082 1477 3152 Sueto-

378 3189 469 3256 nium
490 3190 562 3259 iure
583 3214 602 3256 a
624 3190 704 3256 viris
722 3189 827 3256 doctis
838 3189 952 3273 relato,
976 3189 1132 3260 certiores
1143 3189 1223 3256 facti
1238 3203 1363 3276 sumus3
1386 3191 1479 3276 quod

376 3298 519 3385 primum
540 3300 575 3366 in
597 3299 707 3372 diariis
730 3297 879 3383 antiquit.
898 3297 1033 3364 litterar.
1055 3298 1137 3366 1845
1158 3321 1190 3386 p.
1202 3298 1244 3364 85
1253 3319 1334 3384 sqq,
1355 3298 1478 3366 deinde

378 3407 411 3471 in
425 3407 677 3474 Reifferscheidi
692 3406 965 3476 Suetonianarum
979 3407 1191 3492 reliquiarum
1205 3405 1349 3474 editione
1368 3428 1400 3494 p.
1414 3406 1476 3472 137

379 3531 450 3600 sqq.
470 3516 561 3603 typis
584 3516 785 3603 descriptum
807 3524 866 3582 est.
909 3515 972 3600 Ibi,
1002 3514 1199 3584 enumeratis
1224 3514 1275 3582 his
1302 3515 1400 3600 notis,
1430 3514 1480 3580 ita

376 3624 544 3710 pergitur:

462 3732 544 3815 ,His
568 3731 645 3800 solis
666 3733 701 3799 in
722 3731 983 3800 adnotationibus
1004 3731 1104 3800 Ennii
1124 3731 1245 3798 Lucilii
1268 3731 1377 3816 (Lucii
1396 3731 1476 3816 ms.)

376 3851 410 3907 et
432 3841 663 3912 historicorum
683 3842 734 3910 usi
755 3851 831 3910 sunt
842 3841 1067 3930 Vargunteius
1091 3817 1228 3924 (uarrbs.
1249 3840 1389 3909 hennius
1402 3862 1479 3922 ms,

376 3951 513 4016 mutavit
533 3951 710 4038 Bergkius,
731 3952 843 4018 nescio
866 3974 908 4017 an
929 3960 1030 4033 recte,
1053 3947 1112 4014 sed
1130 3948 1248 4014 melius
1268 3948 1480 4037 inpromptu

376 4082 443 4126 non
472 4059 592 4146 habeo)
622 4053 805 4148 Aeliusque
834 4069 867 4125 et
896 4068 1060 4147 postremo
1087 4056 1225 4141 Probus,
1256 4057 1311 4144 qui
1339 4057 1414 4124 illas
1441 4058 1480 4124 in

375 4168 519 4255 Virgilio
542 4177 576 4234 et
596 4167 733 4236 Horatio
756 4177 790 4234 et
809 4167 963 4235 Lucretio
988 4165 1141 4256 apposuit
1160 4177 1196 4233 ut
1223 4167 1370 4236 Homero
1397 4167 1480 4236 An·-

376 4278 555 4346 starchus.“

459 4388 533 4468 Quo
554 4388 627 4454 loco
656 4387 814 4454 docemur
833 4395 984 4454 notarum
1013 4406 1109 4452 nsum
1138 4383 1226 4472 apud
1246 4384 1412 4454 Romanos
1441 4393 1480 4448 et
