3220 5260
858 558 896 623 18

409 740 546 808 Certum
576 741 677 829 igitur
706 744 776 807 esse
807 751 896 828 puto,
928 763 995 807 non
1023 742 1109 808 illius
1138 751 1263 808 tantum
1292 744 1443 830 generis,

325 850 629 936 interpolationibus
674 851 822 938 qualibus
866 873 977 916 omnes
1009 859 1158 916 veterum
1199 853 1426 918 commentarii

327 969 453 1024 scatent
476 959 596 1024 librum
618 981 689 1024 esse
711 959 879 1024 foedatum
897 995 934 1008 -
955 960 1196 1026 notissimarum
1217 983 1327 1026 rerum
1344 961 1424 1026 'dieo

325 1068 461 1132 brevem
486 1089 621 1152 eamque
635 1091 702 1132 non
716 1091 791 1132 raro
806 1069 951 1156 ineptam
965 1069 1218 1154 explicationem
1242 1069 1342 1154 (quod
1354 1071 1425 1158 plu·

325 1177 415 1240 ribus
437 1177 592 1264 persequi
612 1199 678 1242 non
701 1199 782 1265 opus
806 1183 868 1260 est)
894 1215 934 1228 -
957 1178 1016 1242 sed
1035 1178 1137 1242 multo
1159 1178 1326 1264 graviores
1355 1197 1426 1244 mu·

325 1285 465 1349 tationes
499 1285 670 1371 pristinam
702 1286 809 1374 operis
832 1287 971 1351 formam
995 1287 1131 1351 subiisse
1152 1287 1352 1372 longissimis
1383 1309 1426 1352 ex

326 1393 464 1458 aliorum
486 1393 728 1460 commentariis
750 1393 1012 1459 adnotationibus
1034 1395 1087 1458 hic
1114 1377 1183 1459 illic
1208 1395 1425 1484 interpositis3

325 1503 456 1590 iamque
483 1525 522 1567 eo
546 1512 670 1567 tantum
691 1504 762 1567 iure
786 1502 856 1590 quis
878 1502 986 1568 Probo
1008 1502 1197 1568 adscribere
1228 1504 1358 1591 poterit,
1389 1515 1427 1569 ut

327 1611 418 1696 quasi
446 1612 658 1678 firndamenta
692 1612 850 1699 quaedam
880 1614 920 1677 ab
948 1613 1006 1676 illo
1032 1610 1127 1696 iacta,
1153 1610 1288 1699 magnas
1317 1622 1426 1701 partes

326 1721 455 1785 aliunde
481 1721 644 1809 adpositas
668 1742 739 1786 esse
764 1729 866 1807 putet.
901 1719 969 1786 Sed
988 1743 1031 1786 ne
1043 1723 1168 1807 primae
1180 1723 1312 1807 quidem
1324 1723 1426 1811 partis

326 1830 472 1895 Probum
493 1830 604 1894 haberi
625 1850 721 1916 posse
744 1839 912 1894 auctorem
932 1831 1135 1896 demonstrat
1163 1833 1303 1920 primum
1326 1832 1426 1896 inter-

326 1939 478 2025 pretandi
499 1939 582 2004 ratio
608 1961 703 2024 quam
723 1937 855 2024 Vergili
879 1948 1151 2005 commentatores
1182 1941 1237 2025 qui
1265 1941 1336 2028 ipso
1359 1941 1424 2005 iam

328 2057 420 2113 erant
449 2049 648 2136 antiquiores
679 2047 823 2113 tenuisse
850 2047 938 2113 dicit.
981 2047 1123 2112 Nomine
1154 2049 1287 2136 quidem
1316 2049 1426 2115 addito

327 2181 438 2240 unum,
471 2167 507 2223 ut
540 2157 691 2242 diximus,
725 2157 905 2222 Aemilium
937 2157 1084 2242 Asprum
1119 2158 1261 2245 profert3
1300 2159 1426 2245 saepius

328 2275 437 2330 autem
469 2265 512 2356 ad
544 2266 741 2352 interpretes
775 2275 900 2352 spectat
935 2287 1015 2351 quos
1044 2265 1079 2329 in
1110 2266 1297 2331 universum
1325 2268 1427 2332 verbo

330 2374 503 2462 ,quidam“
529 2375 700 2460 significat.
743 2375 787 2439 Et
810 2375 935 2439 duobus
962 2374 1094 2460 quidem
1115 2374 1196 2439 locis
1218 2395 1261 2439 ex
1283 2376 1427 2441 fontibus

327 2505 395 2548 non
416 2481 662 2547 contemnendis
685 2482 813 2546 fluxere
837 2503 917 2568 quae
941 2505 959 2546 a
987 2482 1218 2566 ,quibusdam“
1241 2483 1334 2548 nobis
1359 2484 1427 2571 qui-

328 2591 402 2655 dem
423 2591 544 2676 ignotis
567 2590 686 2676 scripta
710 2589 801 2672 dicit3
825 2589 866 2654 ad
885 2589 956 2655 Eat.
977 2590 1009 2674 6,
1031 2591 1071 2655 31
1093 2611 1125 2676 p.
1150 2591 1206 2656 10:
1231 2591 1427 2680 „Proprium

327 2701 362 2763 in
383 2699 535 2785 Vergilio
560 2708 608 2765 est
629 2708 666 2763 ut
687 2699 770 2763 nihil
790 2721 946 2785 magnum
971 2721 1028 2764 sua
1039 2699 1233 2765 auctoritate
1248 2702 1427 2786 confirmet,

327 2809 386 2873 sed
406 2817 460 2872 aut
483 2831 502 2872 e
523 2807 627 2874 Musis
649 2815 819 2894 acceptum
842 2807 929 2872 dicat
952 2816 1007 2872 aut
1031 2807 1222 2872 admirabile
1244 2809 1348 2873 famae
1372 2809 1428 2874 tri-

327 2918 415 2982 buat.
458 2916 532 2982 Hoc
554 2916 687 3004 quidam
710 2915 910 2982 diffidentiae
933 2915 1061 2998 dieunt3
1093 2937 1168 2981 nam
1196 2916 1223 2980 si
1246 2917 1428 3000 confirmet,

328 3027 489 3115 inquiunt,
511 3027 679 3114 opiniones
697 3026 865 3092 hominum
876 3025 918 3090 ad
930 3025 1129 3090 credendum
1143 3026 1271 3092 facilius
1286 3025 1429 3093 inducat.

329 3135 397 3204 Sed
417 3145 514 3224 poeta
530 3136 649 3202 fortius
672 3137 788 3224 probat
803 3133 894 3221 sqq.“
919 3143 951 3197 et
963 3134 1004 3198 ad
1015 3133 1140 3221 Georg.
1152 3135 1214 3218 III,
1228 3135 1287 3201 46:
1311 3135 1430 3219 ,Polli-

329 3254 424 3309 cetur
445 3246 554 3308 autem
575 3267 610 3310 se
632 3264 761 3332 quoque
783 3239 934 3308 Caesaris
954 3239 1128 3308 Octaviani
1152 3243 1206 3330 qui
1224 3253 1339 3331 postea
1361 3242 1429 3308 Au·

330 3340 445 3437 gustus
469 3352 717 3439 cognominatus
739 3361 797 3436 est,
824 3349 1020 3437 scripturum
1037 3350 1220 3436 victoriam,
1242 3361 1274 3416 et
1298 3351 1429 3440 quidam

327 3469 443 3550 putant
475 3483 550 3528 eum
580 3461 748 3552 promissis
783 3461 882 3526 fidem
912 3460 1107 3545 destituisse,
1138 3461 1327 3546 ignorantes
1361 3484 1429 3526 non

329 3571 463 3658 quidem
486 3572 733 3652 προηγουμένως
755 3580 826 3634 acta
848 3569 918 3634 eius
942 3569 1121 3656 scripsisse,
1149 3568 1207 3632 sed
1227 3578 1336 3635 tamen
1361 3588 1429 3634 non

329 3678 514 3743 claudicare
537 3686 692 3766 quantum
716 3679 757 3742 ad
778 3678 857 3743 fidei
879 3677 1021 3763 pertinet
1041 3677 1222 3744 vinculum.
1253 3677 1293 3744 In
1314 3689 1428 3744 octavo

329 3786 416 3852 enim
440 3786 613 3874 descripsit
633 3787 668 3852 in
689 3786 795 3876 clipeo
818 3786 887 3851 eius
910 3809 1055 3874 pugnam
1074 3797 1109 3852 et
1120 3787 1293 3852 Actiacum
1304 3788 1429 3852 bellum

330 3895 417 3982 quod
437 3905 566 3984 gestum
591 3905 640 3962 est
665 3919 737 3962 cum
761 3896 937 3961 Antonio.“
981 3895 1117 3961 Duobus
1142 3895 1231 3961 hisce
1262 3897 1343 3963 locis
1373 3897 1428 3962 bo-

329 4026 390 4069 nae
423 4003 538 4069 aetatis
572 4003 859 4091 grammaticorum
891 4003 1009 4068 acriter
1040 4012 1073 4067 et
1105 4002 1209 4068 libere
1241 4001 1429 4090 Vergilium

328 4113 602 4201 perscrutantium
625 4111 801 4178 sententias
826 4112 921 4178 nobis
945 4121 1088 4177 servatas
1117 4135 1188 4178 esse
1211 4112 1320 4200 eredo.
1363 4113 1429 4178 Ve-

329 4245 401 4289 rum
423 4245 466 4287 ne
489 4223 625 4290 nimium
658 4245 701 4288 cx
735 4245 772 4287 ea
804 4244 841 4287 re
871 4221 1044 4308 interpreti
1080 4231 1191 4287 nostro
1222 4221 1356 4311 propitii
1387 4223 1428 4286 si·

330 4353 411 4415 mus,
432 4331 479 4396 illi
500 4331 669 4416 ,quidam“
694 4353 774 4416 quos
797 4329 870 4396 aliis
891 4331 974 4396 locis
995 4331 1030 4394 in
1045 4347 1140 4395 usum
1156 4353 1250 4395 suum
1268 4329 1429 4396 convertit

330 4440 461 4506 omnino
488 4440 585 4505 aliem
618 4463 715 4528 quam
748 4440 894 4506 eruditae
926 4437 1125 4527 antiquitatis
1158 4440 1301 4525 speciem
1335 4461 1428 4528 prae·
