3220 5260
845 521 885 590 12

313 703 407 788 bitur,
437 713 493 772 aut
524 705 659 774 dissolvi
687 715 742 772 aut
777 706 891 772 saltem
913 707 1074 776 infirmari
1106 707 1237 796 poterit.
1279 707 1411 794 Vergili

311 812 398 880 enim
421 823 694 882 commentatores
715 839 788 880 cum
808 838 875 882 non
897 817 941 882 ita
960 839 1083 904 paucos
1105 827 1180 882 ante
1203 837 1277 882 cum
1290 815 1331 882 de
1345 837 1409 903 quo

311 919 439 1008 agimus
462 922 626 990 exstitisse
649 921 706 988 ille
727 923 843 1010 prodat
864 922 946 1012 ipse,
977 924 1011 988 in
1042 925 1188 990 locorum
1215 923 1408 1013 iuterpreta-

310 1028 398 1098 tione
429 1027 624 1114 ,quosdam“
658 1050 755 1116 saepe
786 1029 974 1117 significans
1004 1031 1121 1116 quibus
1150 1031 1207 1096 alii
1238 1030 1407 1115 ,quidam“

311 1145 518 1226 opponuntur
540 1137 645 1220 (velut
667 1138 708 1202 ad
730 1136 803 1204 Ecl.
818 1139 850 1222 3,
865 1138 917 1206 40.
937 1139 967 1223 6,
987 1139 1038 1204 31.
1061 1138 1188 1225 Georg.
1202 1140 1229 1221 I,
1254 1140 1303 1206 19.
1322 1137 1409 1222 297),

311 1267 413 1314 unum
435 1254 560 1312 tantum
582 1245 772 1312 nominatim
792 1247 928 1335 profert,
952 1247 1131 1312 Aemilium
1155 1247 1312 1334 Asprum.
1356 1247 1410 1312 De

313 1353 405 1420 cuius
434 1361 539 1420 aetate
569 1353 649 1420 certi
676 1354 808 1440 quidem
828 1354 875 1418 nil
904 1354 989 1420 effici
1012 1364 1130 1442 potest,
1152 1365 1294 1422 attamen
1314 1355 1409 1420 valde

311 1462 461 1552 suspicor
481 1461 659 1528 recentiori
686 1461 826 1549 tempori
848 1462 1099 1528 adscribendum
1129 1483 1210 1528 esse.
1254 1463 1312 1528 Nil
1341 1463 1409 1547 qui-

311 1571 386 1640 dem
411 1571 587 1661 expausis
611 1572 680 1638 eius
710 1593 793 1660 quae
816 1581 991 1662 supersunt
1018 1573 1210 1659 fragmentis
1239 1594 1408 1661 possumus

311 1681 527 1766 concludere,
568 1703 675 1766 neque
715 1681 891 1769 quidquam
927 1681 1084 1748 momenti
1120 1682 1329 1747 tribuendum
1360 1689 1409 1744 est

310 1787 438 1876 Bergki
461 1789 669 1856 coniecturae
691 1789 727 1874 (l.
750 1813 778 1856 c.
799 1813 831 1878 p.
854 1790 929 1876 125)
953 1790 1008 1877 qui
1029 1813 1080 1878 ap.
1096 1790 1232 1860 Suidam
1253 1812 1284 1855 v.
1303 1789 1408 1873 Ἡρα-

310 1895 435 1979 κλείδης
454 1893 612 1970 Ποντικός
632 1899 770 1964 verbum
784 1893 924 1979 ”Auapcr
943 1899 1033 1964 nulla
1052 1899 1182 1964 omnino
1205 1898 1246 1965 de
1267 1922 1363 1966 causa
1375 1900 1409 1964 in

306 1998 468 2087 Ἅσπερος
491 2006 638 2091 mutavit,
663 2028 758 2094 quem
780 2015 927 2072 nostrum
939 2005 1085 2095 Asprum
1106 2027 1178 2072 esse
1199 2016 1233 2072 et
1242 2007 1277 2072 in
1289 2007 1409 2075 Olaudi

311 2111 518 2201 imperatoris
541 2124 682 2180 aetatem
702 2115 820 2180 referri
840 2115 918 2182 volt.
943 2115 1199 2183 Consideremus
1222 2116 1330 2204 potius
1350 2139 1407 2182 nc-

312 2231 383 2288 tum
405 2223 498 2290 illum
519 2218 716 2308 Hieronymi
735 2224 843 2290 locum
868 2222 969 2312 (apol.
998 2224 1071 2290 adv.
1093 2225 1199 2290 Rufin.
1221 2227 1240 2291 I
1260 2235 1283 2288 t.
1307 2225 1368 2308 IV,
1391 2226 1408 2290 1

311 2352 346 2418 p.
366 2329 428 2397 367
451 2330 566 2417 Ben.):
590 2332 694 2414 ,Puto
717 2333 802 2415 quod
825 2353 907 2420 puer
927 2331 1048 2418 legeris
1059 2331 1161 2420 Aspri
1179 2331 1214 2398 in
1224 2333 1410 2418 Vergilium

312 2447 345 2506 et
369 2436 564 2507 Sallustium
586 2439 846 2524 commentarios,
866 2440 1012 2506 Vulcatii
1035 2440 1069 2506 in
1092 2442 1254 2506 orationes
1277 2441 1409 2509 Cicero·

311 2547 381 2632 nis,
412 2547 575 2616 Victorini
600 2548 636 2614 in
658 2548 806 2635 dialogos
829 2549 899 2614 e'ius
927 2549 1016 2614 etin
1041 2549 1187 2616 Terentii
1213 2549 1409 2634 comoedias,

311 2653 535 2748 praeceptoris
554 2657 620 2724 mei
639 2658 761 2726 Donati
783 2679 886 2742 aeque
907 2658 942 2723 in
954 2658 1141 2745 Vergilium
1163 2667 1195 2723 et
1216 2658 1353 2724 aliorum
1373 2659 1409 2724 in

312 2767 405 2852 alios,
441 2767 594 2832 Plautum
628 2763 792 2847 videlicet,
827 2765 1028 2849 Lucretium,
1066 2766 1232 2850 Flaccum,
1261 2766 1410 2832 Persium

313 2886 409 2963 atque
421 2875 617 2942 Lucanum.“
654 2876 816 2958 Quattuor
830 2873 884 2962 qui
906 2873 960 2939 hic
977 2873 1182 2940 nominantur
1194 2873 1411 2963 interpretum

313 2986 389 3070 duo,
411 2985 599 3052 Victorinus
622 2984 824 3069 etDonatus,
844 2982 1041 3069 Hieronymi
1056 2985 1125 3048 fere
1137 2984 1289 3068 aequales
1304 2993 1408 3065 crant,

311 3095 481 3162 Vulcatius
503 3093 633 3160 aliunde
656 3116 722 3160 non
740 3102 837 3161 notus
859 3101 909 3157 est
927 3092 990 3158 nisi
1011 3092 1098 3178 quod
1115 3111 1158 3155 ex
1171 3093 1308 3160 Hieron.
1320 3092 1405 3178 Epp·

299 3199 363 3288 70,
386 3205 421 3272 2:
457 3203 652 3291 ,Nunquam
680 3202 744 3268 hoo
778 3221 962 3288 quaereres,
993 3199 1057 3266 nisi
1088 3208 1121 3264 te
1148 3209 1253 3266 totum
1281 3199 1409 3268 Tullius

311 3311 513 3404 possideret3
551 3312 583 3378 si.
612 3311 789 3400 scripturas
822 3318 947 3376 sanctas
979 3309 1121 3395 legeres,
1157 3308 1185 3373 si
1214 3309 1409 3395 interpretes

312 3442 427 3490 eorum
448 3421 567 3490 omisso
586 3419 739 3486 Vulcatio
762 3417 952 3486 evolveres“
974 3426 1052 3484 tunc
1072 3417 1229 3506 temporis
1250 3439 1324 3482 cum
1345 3440 1409 3482 ma-

312 3531 402 3598 xime
423 3531 458 3598 in
480 3555 542 3598 usu
565 3530 665 3596 fuisse
684 3527 898 3615 intellegitur.
941 3525 980 3593 Si
1010 3535 1118 3592 autem
1145 3547 1274 3592 omnem
1306 3511 1410 3613 quarti

209 3689 212 3696 ·
312 3665 344 3730 p.
368 3641 447 3710 Ohr.
470 3638 592 3705 saeculi
614 3645 733 3703 statum
755 3646 788 3700 et
818 3634 1044 3702 condicionem
1065 3634 1308 3721 perpendimus,
1331 3616 1410 3700 mim

312 3747 490 3816 verisimile
519 3756 569 3814 est
591 3743 841 3812 commentarios
866 3743 963 3831 primi
987 3743 1114 3810 saeculi
1136 3752 1215 3810 tunc
1236 3744 1408 3826 lectitatos,

314 3857 392 3945 quin
425 3856 522 3922 etiam
553 3855 637 3940 quod
664 3853 888 3939 Hieronymus
920 3860 1033 3939 aperte
1062 3850 1150 3936 dicit,
1178 3851 1213 3916 in
1241 3844 1362 3918 scholis
1390 3875 1409 3915 a

313 3965 424 4054 pueris
445 3963 609 4030 lectitatos
634 3960 732 4028 esse?
754 3960 831 4026 Non
854 3962 1020 4049 profect03
1043 3960 1255 4046 quamobrem
1275 3968 1308 4024 et
1328 3960 1408 4024 Vul-

314 4073 432 4140 catium
454 4082 487 4139 et
506 4073 651 4161 Asprum
673 4069 776 4136 multo
800 4069 1036 4136 recentioribus
1060 4067 1261 4156 temporibus
1289 4068 1409 4134 adscri-

313 4183 441 4252 bendos
465 4204 535 4248 esse
558 4180 678 4271 put0¹).
720 4179 792 4246 Iam
819 4199 898 4244 vero
927 4201 1001 4244 cum
1031 4177 1069 4244 in
1097 4176 1326 4244 commentario
1354 4177 1409 4263 qui

388 4426 415 4493 1)
435 4423 541 4479 Rursus
564 4427 658 4478 autem
683 4441 718 4479 ne
741 4423 825 4478 nimis
849 4441 912 4479 sero
934 4429 1059 4494 tempore
1087 4439 1150 4478 eum
1173 4420 1274 4479 vixisse
1301 4419 1408 4485 credas,
