3220 5260
195 729 291 798 nibus
312 753 408 798 curae
434 732 545 816 iusisse,
574 754 684 798 rerum
716 740 825 798 autem
854 731 1092 798 enarrationem
1119 753 1159 799 eo
1188 749 1292 816 usque

194 847 318 904 unum
342 860 417 906 eum
438 840 578 907 coluisse
603 840 709 926 quoad
732 839 863 906 omnino
885 848 1120 908 commentator
1141 861 1208 906 non
1234 861 1291 930 po

192 953 254 1018 tuit
275 954 475 1040 neglegere3
496 964 533 1019 ut
555 977 621 1020 uno
643 953 744 1020 verbo
762 954 981 1040 complectar:
1000 977 1067 1019 non
1087 953 1293 1042 pdololoyam

194 1081 266 1126 earn
291 1058 404 1146 faisse
438 1061 496 1126 sed
525 1064 772 1148 prammatt'cam
808 1063 962 1146 (quorum
994 1061 1100 1128 studia
1130 1059 1291 1134 Senecam

191 1169 277 1256 Epp.
303 1170 374 1254 108,
396 1171 438 1238 29
459 1192 528 1256 sqq.
559 1169 688 1236 disertis
719 1171 828 1238 verbis
859 1171 1048 1238 discernere
1077 1181 1190 1238 notum
1217 1175 1289 1252 est).

194 1278 307 1362 Quare
331 1277 408 1362 quid
429 1279 463 1344 in
484 1277 635 1366 Vergilio
657 1281 867 1366 praestiterit,
886 1281 1080 1347 Lerschium
1100 1291 1191 1348 recte
1212 1290 1291 1369 puto

192 1387 239 1451 ita
262 1386 504 1452 demonstrasse
529 1387 624 1472 (dier.
647 1387 707 1454 litt.
731 1389 830 1476 antiq.
843 1389 927 1454 1840
947 1411 979 1476 p.
993 1389 1087 1474 113):
1129 1389 1193 1474 „Es
1225 1393 1289 1478 gab

192 1494 247 1560 ein
280 1494 361 1560 oder
393 1497 544 1562 mehrere
576 1496 775 1584 Exemplare
808 1497 866 1563 des
895 1499 1008 1585 Virgil
1039 1519 1105 1564 von
1136 1498 1290 1564 Valerius
1412 1588 1415 1594 .

191 1604 318 1672 Probus
341 1605 458 1692 eigner
476 1607 573 1673 Hand
594 1608 791 1690 verbessert,
812 1607 847 1671 in
867 1606 999 1672 Bucher
1021 1606 1202 1694 abgetlieilt
1222 1606 1291 1672 sind

191 1715 425 1801 interpungirt‚
454 1735 547 1780 woau
577 1716 664 1782 noch
694 1709 923 1801 Randglossen
955 1715 1036 1780 oder
1068 1715 1291 1801 selbstttndige

191 1821 447 1909 Bemerkungen
481 1825 530 1888 aia
570 1823 775 1910 Votiendanq
811 1823 865 1888 des
898 1822 1077 1888 leritc'acltcn
1114 1821 1290 1910 Gesclttfta

190 1931 426 1998 hinzutraten.“
486 1931 726 2000 Grammaticos
761 1954 815 1998 res
854 1932 951 1998 etiam
991 1933 1026 1996 in
1055 1931 1186 1997 minutis
1225 1931 1291 1997 illis
1381 1935 1382 1938 ’

192 2033 444 2123 quaestiunculis
480 2063 558 2125 quas
580 2037 739 2106 Suetonio
769 2049 852 2106 teste
886 2039 989 2104 edidit
1023 2061 1098 2105 eum
1132 2050 1290 2106 tractasse

193 2148 347 2213 concludi
367 2157 475 2235 potest
497 2169 540 2212 ex
561 2148 684 2214 duabus
709 2169 787 2232 quas
808 2148 974 2212 novimus:
1000 2147 1072 2230 „De
1094 2147 1222 2212 occulta
1238 2148 1289 2212 lit·

195 2265 339 2322 terarum
359 2256 598 2342 significatione
621 2257 656 2322 in
669 2257 881 2344 epistularum
894 2256 932 2324 O.
947 2255 1096 2322 Caesaris
1109 2255 1288 2344 scriptura“

194 2362 298 2448 (Gall.
329 2365 433 2433 XVII
458 2367 493 2450 9)
528 2375 562 2431 et
590 2366 652 2450 „de
680 2365 909 2450 inaequalitate
939 2363 1116 2430 sermonis“
1147 2363 1289 2453 (Charis.

192 2497 225 2562 p.
249 2473 312 2538 212
332 2473 390 2559 K.)
419 2496 501 2560 quae
521 2475 667 2540 omnium
688 2474 808 2540 iudicio
830 2476 939 2542 Probo
960 2473 1291 2560 Berytiotribuenda

194 2594 254 2650 ast.
299 2573 453 2654 Summos
475 2591 584 2648 autem
604 2581 772 2650 doctrinae
795 2584 920 2648 fructus
943 2581 979 2646 in
999 2581 1081 2647 silva
1100 2583 1158 2647 illa
1180 2583 1289 2649 obser·

191 2695 359 2761 vationum
383 2691 542 2759 sermonis
571 2691 695 2778 antiqui
721 2691 898 2758 collocasse
927 2690 1059 2756 videtur
1089 2713 1186 2776 quam
1214 2699 1290 2780 post

192 2813 331 2870 mortem
353 2801 485 2867 eiusab
506 2801 619 2868 amicis
641 2800 762 2868 editam
783 2819 855 2867 esse
867 2797 1043 2869 Suetonius
1064 2809 1102 2866 ut
1121 2809 1201 2890 puto
1223 2800 1288 2887 sig·

191 2912 312 2998 nificat,
335 2920 368 2977 et
391 2911 521 2978 Gellius
547 2931 623 2976 oum
652 2909 707 2994 „in
737 2910 848 2976 multis
877 2909 1051 2974 admodum
1073 2909 1172 2976 Probi
1203 2929 1288 2975 oom-

192 3021 426 3088 mentationum
447 3019 559 3084 libris“
586 3039 667 3106 quos
689 3016 887 3104 adquisierat
909 3015 951 3082 do
974 3017 1103 3103 origine
1120 3018 1210 3084 vocis
1231 3038 1287 3106 pe·

191 3131 298 3198 torriti
321 3152 356 3197 se
379 3127 576 3215 quaesivisse
599 3126 686 3194 dicat
709 3127 792 3192 hanc
816 3125 931 3192 silvam
951 3125 1138 3214 possedisse
1157 3126 1289 3203 videtur

192 3239 282 3325 (XV,
305 3237 358 3323 30,
382 3237 412 3304 5.
436 3240 479 3304 cf.
506 3235 547 3304 O.
571 3235 655 3304 Iahu
675 3233 832 3323 Prolegg.
853 3234 896 3300 ad
916 3233 1007 3300 Pers.
1028 3255 1060 3322 p.
1081 3233 1287 3320 CXXXIX).

358 3344 467 3412 Probi
484 3345 656 3410 adrsotatio
679 3356 710 3410 et
737 3347 841 3432 siquas
868 3345 993 3410 critr‘oa
1019 3356 1049 3408 et
1080 3346 1289 3409 manatione

356 3453 536 3522 constabat.
583 3447 698 3542 Neque
719 3452 872 3520 lacoras
892 3475 996 3544 neque
1018 3453 1081 3518 iila
1099 3453 1198 3542 'quod
1222 3475 1289 3520 non

274 3640 276 3644 ¹
358 3564 463 3629 eciam
483 3565 616 3629 cetmtis
638 3562 855 3650 acrrptoridae
879 3585 1011 3650 operam
1032 3561 1182 3643 caedat,
1214 3583 1289 3628 con-

359 3686 412 3739 tra
423 3672 564 3738 Stratoni
577 3675 802 3740 concatenat
808 3684 949 3762 paqnat.
984 3667 1169 3740 Enarratio
1183 3669 1291 3737 Probi

359 3803 425 3846 non
446 3782 482 3845 in
502 3803 622 3846 reram·
635 3780 869 3870 explanatione
889 3779 948 3845 aad
967 3781 1004 3844 in
1023 3779 1195 3845 rabaam
1208 3776 1289 3865 sere

358 3891 554 3956 tractatione
576 3887 810 3955 continebatur.

276 3996 409 4064 Criticis
429 3997 513 4064 notis
536 4019 598 4084 qua
618 3995 744 4062 ratione
766 4016 843 4062 usus
868 3996 919 4082 sit,
940 3995 1043 4065 fusius
1064 3997 1287 4066 demonstrare

192 4127 253 4170 nec
279 4128 413 4199 possum
442 4127 549 4194 neque
576 4105 669 4188 volo;
684 4139 687 4145 ·
705 4126 748 4171 ex
775 4105 934 4171 anecdoto
961 4103 1110 4174 Parisino
1139 4107 1287 4174 videmus

191 4213 253 4278 hac
273 4213 307 4278 in
327 4235 363 4278 re
388 4235 462 4278 eum
486 4213 788 4280 Alexandrinorum
808 4212 949 4300 vestigia
964 4213 1123 4302 pressisse
1144 4213 1217 4298 (sed
1230 4215 1286 4280 ha·

191 4321 327 4386 riolatur
349 4320 524 4408 Bergkius‚
546 4324 691 4388 Probum
713 4330 747 4388 et
757 4320 951 4392 Suetonium
970 4319 1111 4389 Cratetis
1130 4321 1286 4412 partibus,

191 4428 338 4516 Asprum
358 4429 542 4495 Aristarchi
564 4430 751 4517 adsignans,
780 4430 821 4498 ci.
844 4429 1065 4498 Wachsmuth
1090 4427 1132 4496 de
1155 4427 1286 4498 Gratata
